2108 3712
64 194 107 264 32
305 152 720 233 'summm

64 282 107 338 Ut
128 277 263 338 Lucretius
286 277 400 357 explicat
418 280 502 335 causas
515 272 599 351 rapidi
613 275 693 352 ignis,
909 272 959 350 μζ

62 363 125 431 Qte
138 360 298 415 vaticinatur
311 357 408 432 triplex
431 375 495 442 opus
507 355 623 409 casurum
637 371 647 420 ;

63 440 106 496 Sic
118 440 161 494 sua
175 433 296 503 lirnuna,
329 434 371 490 cui
386 432 474 489 Lesbia
491 446 548 489 etat
562 426 653 486 farsum

64 515 186 582 Nomen,
206 511 270 591 sape
282 510 318 569 est
330 524 433 568 cantata
446 510 543 567 lascivo
556 508 674 565 Catullo.

63 592 124 649 Nec
144 605 288 647 contentus
311 588 351 655 ed,
379 587 502 667 vulgavit
526 586 625 641 multos
651 599 770 652 amores,

64 670 99 727 ln
117 668 213 745 quibus
236 668 289 747 ipse
303 666 378 724 fallus
399 665 434 724 ell
454 668 526 722 suum
546 661 713 721 adulterium.
911 674 968 735 430

64 746 184 804 Licentia
194 746 281 824 exigui
291 744 370 802 Calvi
382 742 432 800 fuit
442 762 500 820 par,
519 757 573 818 que
585 738 670 799 limils

66 822 123 897 Qui
142 824 241 880 detexit
259 826 301 880 sun
320 821 385 879 facit
402 823 476 879 variis
502 818 596 877 modis.

65 901 141 980 Qiid
152 899 263 957 referam
278 903 301 957 T
304 897 397 957 icidoel
417 898 481 977 quid
496 914 602 956 carmen
624 893 759 955 Memmi?
774 894 844 977 apud
859 914 928 977 quos

64 978 174 1035 Nomen
188 976 257 1035 adest
268 978 356 1046 rebus,
378 995 429 1054 que
454 976 542 1053 pudor
565 974 725 1032 nominibus.

67 1055 184 1131 Quoque
204 1053 292 1112 Cinna
305 1054 341 1113 est
360 1072 445 1113 comes
460 1054 512 1124 his,
532 1070 583 1129 que
595 1051 682 1109 Auser
702 1052 840 1132 procacior
850 1046 954 1121 Cinui,

64 1137 101 1190 Et
112 1133 172 1190 leve
182 1152 247 1209 opus
262 1132 405 1202 Cornifici,
423 1153 473 1210 que
493 1148 538 1209 par
552 1132 673 1190 Catonis.
904 1144 908 1151 ·

66 1215 103 1268 Et
115 1230 229 1288 quorum
241 1211 316 1269 libris
331 1213 414 1270 modo
428 1206 594 1279 diffimulata,
613 1213 723 1269 nomine
742 1208 841 1268 Petilla

66 1289 180 1346 Metelle
194 1310 263 1345 minc
286 1290 383 1368 legitur
395 1288 461 1346 dim
471 1305 529 1345 tuo.

64 1366 215 1446 Quoqueis
237 1367 283 1445 qui
300 1368 377 1426 duxit
396 1369 473 1444 Argo
486 1366 513 1422 in
532 1360 659 1423 Phaliacas
678 1365 774 1437 undas,

66 1446 134 1503 Non
144 1445 229 1523 potuit
240 1463 326 1502 tacere
338 1450 405 1504 buta
419 1442 467 1500 suoe
485 1443 604 1500 Veneris.
910 1459 966 1518 440

65 1522 127 1579 Nec
147 1525 229 1579 nunus
250 1523 370 1599 improba
383 1526 440 1580 [unt
452 1519 562 1577 carmina
581 1518 725 1594 Hortensi,
742 1542 792 1582 nec
805 1518 892 1579 minus

65 1596 161 1657 Servl:
183 1600 242 1677 quis
254 1599 359 1656 dubitet
375 1600 447 1677 sequi
461 1615 535 1656 tanta
547 1599 656 1655 nomina
670 1599 680 1657 ἐ

69 1679 177 1734 Sisenna
189 1679 269 1734 vertit
289 1678 433 1740 Aristiden,
454 1697 504 1734 nec
528 1673 619 1734 obfuit
635 1688 675 1736 nli

65 1751 199 1814 Inseruisse
213 1774 300 1833 turpes
309 1754 383 1833 jocos
395 1753 515 1813 hilloriae.
671 1813 674 1818 ⁴

65 1835 127 1893 Nec
145 1834 194 1891 luit
206 1833 354 1911 oppobrio
368 1832 449 1892 Gallo
467 1828 602 1892 celebralle
620 1830 762 1910 Lycorida,
909 1847 963 1909 445

65 1914 118 1971 Sed
131 1932 189 1969 non
214 1908 325 1970 tenuiffe
341 1912 454 1992 linguam
471 1912 556 1968 nimio
575 1930 659 1981 mero.

65 1989 190 2047 Tibullus
213 2007 287 2066 putat
301 1990 394 2047 durum
407 1987 457 2046 effe
477 1989 587 2046 credere
612 1986 724 2066 juranti,

63 2066 150 2139 Quod
173 2064 217 2123 illa
233 2065 265 2123 fic
286 2084 366 2144 negat
387 2066 463 2123 etiam
485 2066 520 2123 de
542 2065 569 2123 se
591 2085 659 2124 viro.

61 2145 175 2203 Demum
189 2141 288 2202 fatetur
298 2141 414 2200 doctuffe
423 2140 516 2201 fallere
528 2142 675 2216 custodem,

62 2222 145 2281 Nunc
163 2223 201 2280 ait
220 2223 377 2280 semiferum
394 2220 532 2299 premisud
557 2239 624 2281 arte,
906 2246 963 2305 45⁹

63 2302 135 2380 Saepe
145 2302 218 2359 velut
237 2316 361 2381 probaret
370 2317 501 2377 gemmam
529 2318 562 2356 ue
575 2299 675 2377 fignum
687 2301 814 2374 dominae,

63 2381 191 2437 Meminit
202 2382 227 2437 se
238 2398 284 2458 per
304 2378 405 2436 caulam
426 2379 503 2456 tetig'
524 2397 667 2438 emanum.

62 2456 158 2536 thue
177 2455 261 2514 refert
280 2457 343 2536 saepe
356 2457 392 2516 ell
412 2457 524 2519 locutus,
535 2456 625 2535 digitis
642 2476 693 2536 que
712 2476 792 2528 nutu,

62 2539 100 2592 Et
111 2537 188 2592 duxit
199 2537 305 2594 tacitam
317 2554 409 2594 notam
422 2539 450 2593 in
463 2536 533 2594 orbe
546 2534 647 2595 mensae.

63 2616 101 2670 Et
115 2612 231 2673 docete
260 2613 335 2671 uibus
354 2613 432 2671 succis
455 2614 536 2685 livor,
559 2614 606 2691 qui
617 2614 697 2684 solet,
905 2628 961 2692 455

61 2691 134 2748 Fieri
152 2634 271 2769 imprelio
284 2712 344 2761 ore,
365 2691 440 2749 abeat
459 2709 491 2749 ex
503 2711 624 2769 corpore.

61 2767 187 2845 Denique
200 2771 248 2829 ille
259 2787 355 2849 pecata
368 2770 475 2838 marito,
493 2769 603 2825 nimium
611 2770 731 2844 incauto,

63 2844 114 2901 Uti
124 2848 206 2904 servet
223 2851 249 2907 se
266 2863 385 2924 quoque,
400 2862 431 2901 ut
451 2846 495 2903 illa
509 2848 595 2905 minus
608 2865 705 2925 peccet.

60 2921 117 2980 Scit
127 2921 168 2980 tui
185 2924 308 2993 latretur,
325 2942 383 2980 curn
394 2922 447 3001 ipse
457 2922 612 2982 obambulet
626 2925 705 2997 solus,

58 3000 113 3057 Cui
123 3001 204 3059 toties
223 3018 328 3060 excreet
340 3016 402 3058 ente
415 2999 511 3059 clausas
523 2998 605 3062 fores.
903 3017 962 3081 460

59 3078 129 3158 Qe
140 3077 186 3136 dat
200 3078 282 3135 multa
291 3096 416 3157 praecepta
427 3079 485 3139 talis
495 3079 573 3153 lirici,
590 3098 644 3158 que
656 3079 739 3140 docet

59 3158 106 3214 nb
118 3155 172 3236 qud
184 3173 243 3215 arte
255 3174 341 3234 nuptae
353 3156 458 3236 poliunt
471 3154 564 3219 fallere
579 3160 658 3217 viros.

61 3233 122 3293 Nec
133 3233 182 3293 fuit
191 3233 244 3295 hoc
255 3231 294 3322 illi
314 3232 402 3293 fraudi
414 3260 422 3294 ε
438 3256 490 3314 que
501 3236 627 3297 Tibullus
645 3233 757 3313 legitur,

60 3312 328 3405 Etplacett&1am
345 3312 673 3399 pomeranepriucipe.
836 3387 852 3446 Ι
928 3391 935 3402 ·
966 3371 970 3379 .

71 3432 112 3448 .,
658 3451 735 3472 Δ,
838 3407 964 3471 ‘urentes
