2108 3712
26 46 108 197 '24
208 30 211 35 ’
325 83 740 168 TR1sT1UM

59 210 172 268 Adeon
193 203 283 263 inscius
295 205 365 263 vidit
377 205 492 264 Dianam
516 202 570 263 fine
590 199 671 277 velle,
773 254 775 258 ,

59 288 121 347 Nec
134 285 220 343 minue
232 284 279 342 ille
296 280 348 341 fuit
361 283 448 361 prada
469 281 518 341 suis
532 280 647 342 canibus.
676 350 687 370 ·

61 364 167 425 Scilicet
182 360 295 420 fortuna
308 361 387 419 etiam
409 359 508 420 luenda
520 361 548 417 in
622 359 665 420 rit.

62 443 123 502 Nec
137 442 206 500 casus
223 437 306 496 habet
325 437 443 509 veniam,
462 436 572 496 numine
615 440 651 495 lo.

64 522 115 580 Illa
129 518 187 590 die,
204 513 256 595 qud
266 516 347 575 malus
360 534 435 575 error
453 511 560 575 abstulit
572 535 628 584 me,

64 590 285 679 Qidem'nossra
297 613 379 674 parva
391 593 488 654 domuc
516 594 588 667 erile,
606 591 652 652 sed
667 590 722 654 suae
735 591 797 653 labe
808 619 817 656 t

66 675 171 732 Tamen
181 670 291 752 queque
305 670 337 731 fic
349 692 430 753 parva
442 689 472 730 ut
504 671 590 730 icatur
603 672 673 731 clara
685 669 776 752 patrio

66 751 160 810 AEvo:
181 769 230 809 uec
248 754 337 809 minor
347 749 490 809 nobilitate
502 750 599 811 ullius:

64 835 103 889 Et
115 848 201 910 neque
212 828 331 888 notanda
343 825 380 887 ell
389 828 504 900 divitiis,
524 847 573 887 nec
595 845 771 909 paupertate;

67 907 152 966 Unde
165 925 246 984 eques
259 906 289 983 lit
302 906 500 987 conspiciendus
511 907 540 964 iu
552 923 689 968 neutrum.

66 989 188 1064 Quoque
200 983 230 1042 snt
243 980 328 1042 nostia
341 985 437 1044 domus
456 1002 537 1064 parva
553 985 600 1043 vel
612 988 691 1046 censu
703 986 749 1046 vel
762 997 840 1058 ortu,

66 1066 153 1120 Certe
173 1063 216 1120 illa
228 1082 286 1121 non
300 1063 366 1121 latet
379 1080 441 1121 meo
464 1061 597 1143 ingenio:

59 1142 140 1222 Qo
161 1142 280 1218 quamvis
292 1140 385 1200 videat
397 1141 506 1200 nimium
520 1138 526 1150 '
547 1139 672 1205 venilitet
684 1142 756 1213 ulus,

67 1218 174 1276 Tamen
187 1218 248 1276 fero
260 1218 365 1298 grande
378 1237 480 1276 nomen
499 1159 546 1275 alu
557 1234 620 1277 toto
638 1216 728 1278 orbe.²

67 1297 164 1356 Turba
184 1297 326 1355 dodlorum
346 1297 424 1356 novit
442 1296 590 1368 Nalonem,
610 1297 730 1357 &audet

70 1378 253 1434 Annumerare
266 1395 323 1433 non
336 1372 457 1434 fastiditis
469 1373 542 1432 viris.

66 1454 159 1532 Igitur
173 1452 226 1511 haec
235 1452 331 1511 domus
343 1468 446 1530 accepta
459 1449 540 1510 Musae
550 1453 649 1514 corruit
663 1455 731 1534 lapsa
833 1502 836 1507 .

68 1529 124 1589 Sub
146 1549 213 1600 uno,
231 1529 274 1587 sed
289 1549 346 1587 non
357 1529 455 1606 exiguo
467 1528 587 1588 crunine.

67 1610 158 1685 Atque
178 1625 209 1664 ea
222 1605 255 1665 stc
268 1607 334 1684 lapsa
349 1605 395 1680 est,
428 1623 458 1664 ut
469 1622 549 1684 queat
561 1605 669 1685 surgere

66 1685 96 1744 si
120 1685 203 1745 modo
215 1684 253 1741 ira
275 1681 326 1741 laeli
350 1681 458 1744 Caesaris
479 1685 672 1744 ematuruerit:

66 1765 102 1823 lu
111 1779 212 1822 eventu
222 1759 294 1841 cujus
305 1778 381 1820 tanta
394 1759 430 1821 est
448 1762 590 1821 clementia
602 1781 698 1842 perne,

67 1843 112 1901 Ut
125 1841 165 1900 ira
177 1839 257 1900 fuerit
272 1840 362 1898 lenior
375 1840 468 1901 nostro
481 1856 564 1900 metu.

66 1922 132 1980 Vita
143 1919 205 1977 data
215 1916 264 1991 eil,
284 1937 337 1998 que
349 1934 394 1977 tua
414 1921 453 1979 ira
462 1915 581 1980 conllitit
594 1916 662 1976 citra
678 1934 785 1994 necem,
825 1935 827 1938 ⁴

65 1999 97 2056 Ο
115 1998 234 2074 Princeps
253 1996 331 2075 parce
356 1995 401 2055 use
415 2000 466 2058 tuit
489 1997 599 2058 vinem.

66 2078 174 2154 Insuper
184 2091 331 2152 paternaeo
350 2094 376 2133 ea
395 2077 538 2153 accedunt,
559 2093 587 2133 te
606 2093 667 2141 non
682 2074 830 2155 adimente,

68 2154 209 2231 Tanquam
233 2151 319 2210 vitae
340 2169 369 2209 et
390 2153 483 2232 partlm
501 2156 627 2213 muneris.
703 2197 704 2200 η

67 2231 127 2291 Nec
140 2227 265 2287 damnasti
278 2246 335 2286 mea
346 2229 415 2289 faeda
426 2232 539 2290 decreto
554 2229 675 2304 Senatus,

67 2309 127 2369 Nec
138 2327 196 2365 mea
210 2304 272 2386 fuga
282 2303 321 2365 est
341 2304 405 2388 julla
418 2309 515 2368 selesto
525 2307 624 2387 judice.

67 2386 125 2466 Ipse
136 2388 208 2444 ultus
230 2405 257 2444 es
268 2403 325 2444 tuas
335 2382 446 2446 offensas
458 2404 489 2446 ut
500 2385 579 2445 decet

67 2466 193 2525 Inveclus
206 2463 319 2523 tristibus
332 2465 422 2524 verbis
435 2466 486 2541 (ita
499 2466 611 2545 dignum
625 2464 755 2548 principe)

66 2544 147 2605 Adde
167 2544 240 2624 quod
255 2544 381 2615 edidium,
399 2543 514 2622 quamvis
531 2544 634 2602 immite
644 2563 696 2624 que
710 2551 810 2622 minax,

66 2625 197 2681 Attamen
213 2621 273 2680 lene
294 2621 344 2679 fuit
365 2622 523 2693 innomine
535 2641 618 2702 poenae
633 2641 640 2674 a

66 2703 180 2782 Quippe
191 2699 219 2757 in
229 2699 280 2756 illo
293 2699 370 2756 dicor
382 2699 507 2778 religatus
524 2721 581 2758 non
594 2702 667 2770 exul,

65 2782 137 2859 Qae
148 2776 229 2834 verba
243 2795 307 2834 meae
319 2775 433 2835 fortunae
445 2776 480 2836 ibi
492 2780 552 2837 lunt
567 2795 650 2857 parca.

65 2855 190 2938 Qtidem
203 2853 277 2910 nulla
299 2871 376 2927 poena
388 2853 425 2911 est
444 2854 555 2933 gravior
571 2857 646 2927 lano,
664 2875 718 2933 que
727 2865 834 2937 potenti

67 2935 170 2992 Mentis
181 2948 259 3008 quam
281 2929 430 3008 displicuisse
444 2948 522 2989 tauto
535 2935 607 2990 vito.

68 3008 121 3072 Sed
142 3026 241 3065 numen
257 3005 326 3066 solet
345 3008 481 3068 interdum
495 3008 555 3067 fieri
566 3009 706 3089 placabile,

66 3093 129 3150 Dies
143 3087 209 3144 solet
222 3084 262 3141 ire
273 3085 400 3145 candidus
413 3087 484 3145 nube
495 3091 573 3167 pulsa.

67 3175 128 3247 Ego
139 3163 196 3221 vidi
208 3161 305 3219 ulmum
318 3182 459 3224 oneratum
472 3167 610 3304 pampineis
619 3166 730 3241 vitibus,

64 3250 141 3329 Qua
156 3243 241 3301 fuerat
264 3242 331 3300 eada
348 3245 420 3303 savo
439 3240 469 3303 fu
481 3247 552 3307 mine
587 3243 656 3307 uvis.

808 3333 877 3412 Spera
