2108 3712
56 96 151 165 Vivat,
171 97 198 154 8(
218 98 346 173 quoniam
356 96 409 155 fata
420 94 453 155 tic
463 98 603 167 tulerunt)
613 97 691 154 vivut

57 180 94 231 Et
108 174 232 231 subierat
246 178 325 253 usque
346 175 482 233 absentem
506 176 554 233 suo
569 174 679 233 auxilio.

56 254 152 311 Custos
175 253 385 328 Erymanthidos
402 254 477 309 Ursae
496 252 612 331 tingitur
625 272 740 325 oceano,

55 336 121 407 Que
133 331 224 388 turbat
235 351 370 409 aequoreas
382 349 486 411 aquote
502 330 549 389 suo
563 328 656 389 fidere.

57 409 162 467 Tamen
175 428 226 466 nor
241 406 366 471 findimus
384 410 492 467 Ionium
510 428 600 486 aequor
617 429 676 469 non
695 405 786 469 nostri

58 488 173 563 Sponte,
194 484 239 544 sed
258 490 379 567 cogimur
394 484 445 546 effe
465 486 575 545 audaces
588 504 672 549 metu.

59 567 108 623 Me
118 563 255 636 miserum,
274 566 381 645 quantis
394 569 485 624 ventis
502 584 609 645 :equora
622 566 792 645 nigrescunt,

58 646 124 722 Que
141 661 220 700 arena
232 642 321 721 feruet
336 661 412 701 eruta
431 663 464 700 ex
478 644 534 701 imis
547 642 638 701 vadis!

61 720 145 778 Unda
159 740 208 778 nec
226 721 340 780 inferior
351 738 446 780 monte
459 719 541 779 insilit
553 738 640 799 prora

58 801 124 879 Qre
146 801 251 857 recurvi
280 799 340 880 uppi
355 801 381 857 8(
394 797 523 857 verberat
544 796 628 878 pistdt
643 797 719 858 deos.

61 878 152 935 Texta
169 879 248 955 pinea
260 820 368 950 donant,
399 874 528 936 rudentes
551 874 615 957 pulfi
625 874 758 938 stridore:

60 959 98 1014 Et
117 957 204 1013 catina
215 955 265 1035 ipsa
278 956 394 1037 aggetnit
414 952 508 1013 nostris
522 955 603 1017 malit.

61 1032 163 1090 Navita
180 1031 309 1093 confeffut
328 1033 447 1113 gelidum
457 1035 583 1093 timorem
595 1034 710 1113 pallore,

82 1130 124 1168 tm
146 1112 232 1170 vidus
250 1112 364 1191 sequitur
372 1128 470 1182 ratem,
499 1129 558 1170 non
570 1112 641 1194 regit
652 1128 723 1173 arte.

94 1209 125 1247 ue
136 1191 222 1249 testor
233 1209 262 1249 ut
281 1210 372 1271 parum
385 1189 489 1249 validus
501 1191 613 1249 remittit
627 1188 710 1250 staena

60 1268 129 1324 Non
149 1265 315 1346 proficientia
337 1288 409 1347 equo
422 1266 512 1357 rigidae
530 1268 661 1328 cervicina

61 1346 103 1401 Sic
118 1365 175 1403 non
198 1349 298 1419 voluit,
319 1345 363 1404 sed
379 1365 435 1426 quo
448 1362 560 1424 impetus
573 1348 651 1407 undu
663 1367 679 1405 r
693 1346 744 1427 pit,

60 1422 151 1480 Video
162 1421 278 1503 aurigam
289 1422 383 1483 dediffe
397 1424 458 1482 vela
469 1423 527 1481 rati·

61 1502 148 1580 Quod
163 1500 211 1559 nisi
230 1504 324 1563 AEolut
336 1502 448 1561 emiserit
466 1515 580 1561 mutatas
594 1520 680 1573 aurat,

63 1584 146 1639 Ferat
170 1581 200 1638 in
222 1582 286 1640 loco
298 1600 356 1640 non
377 1578 430 1657 jam
443 1578 567 1641 adeunda
582 1578 671 1638 nobis.

65 1656 139 1714 Nam
154 1659 267 1734 Illyricis
280 1658 373 1719 relidit
384 1658 478 1739 procul
494 1654 528 1714 de
541 1658 608 1717 laeva
623 1674 715 1738 parte,

62 1736 140 1793 Italia
159 1736 297 1795 interdici-a
320 1735 386 1795 mihi
408 1735 534 1796 cernitur.

63 1812 175 1872 Desinat
194 1832 268 1885 aura,
286 1818 383 1894 quaeso,
412 1801 579 1873 contendere
593 1813 623 1871 in
642 1814 739 1873 vetitas

65 1890 179 1961 Terras,
213 1894 242 1948 &
262 1910 349 1971 pareat
375 1911 476 1951 mecum
500 1910 599 1970 magno
623 1892 696 1951 Deo.

64 1969 138 2027 Dum
151 1969 261 2047 loquor,
274 1971 303 2028 8(
320 1971 397 2047 cupio
409 1970 521 2049 pariter,
541 1969 674 2049 timeoque
691 1968 797 2050 repelli,

65 2044 184 2118 Quantis
208 2047 310 2105 viribus
329 2045 402 2122 unda
423 2046 551 2126 increpuit
564 2047 654 2106 latur!

65 2124 125 2184 Vos
137 2126 229 2184 saltem
240 2116 348 2195 numitid¹
358 2123 551 2259 ceruleiponti
559 2127 666 2205 parcite,

67 2207 134 2282 Que
145 2202 177 2262 fit
188 2204 249 2262 satis
260 2204 360 2285 Jovem
371 2199 421 2260 effe
434 2204 462 2260 in
474 2200 554 2262 essum
568 2204 639 2261 mihi.

66 2284 125 2342 Vos
139 2282 275 2343 subducite
288 2280 374 2343 selsam
393 2279 504 2343 animam
518 2282 587 2340 savae
601 2281 696 2354 morti,

66 2363 94 2421 Si
106 2362 201 2435 modo,
220 2362 307 2442 potest
326 2381 384 2422 non
395 2356 506 2441 periitse,
523 2361 570 2439 qui
584 2362 670 2439 periit.

322 2624 607 2692 ELEGIA
650 2622 709 2688 lv.

165 2773 340 2833 Memorande
354 2773 419 2832 mihi
431 2790 562 2852 nunquam
574 2768 631 2850 post
643 2769 714 2830 ullos
732 2770 836 2835 sodates

172 2855 202 2913 Ο
214 2858 254 2911 cui
266 2852 392 2932 praecipue
407 2870 465 2908 mea
484 2853 541 2908 sort
553 2849 607 2908 visa
623 2848 659 2907 est
669 2852 722 2912 sua.

66 2927 218 3001 cesuline,
234 2935 280 3006 qui
305 2930 444 3005 (memini)
468 2927 564 3006 primus
586 2932 657 2987 ausus
676 2949 704 2988 es

65 3004 207 3067 Sussinuiffe
230 3027 273 3065 me
300 3023 348 3066 tuo
367 3007 509 3086 alloquio:

53 3087 122 3159 'Qui
142 3084 234 3143 dedisti
248 3084 310 3143 mihi
332 3084 396 3145 mite
410 3083 545 3142 confilium
563 3083 694 3143 vivendi:

67 3167 136 3228 Cum
149 3183 224 3224 amor
236 3164 328 3223 mortis
350 3161 425 3223 t'otet
441 3162 469 3224 in
490 3161 587 3223 misero
610 3162 727 3242 pectore.
