<?xml version="1.0" encoding="UTF-8"?>
<!DOCTYPE html PUBLIC "-//W3C//DTD XHTML 1.0 Transitional//EN"
    "http://www.w3.org/TR/xhtml1/DTD/xhtml1-transitional.dtd">
<html xmlns="http://www.w3.org/1999/xhtml" xml:lang="en" lang="en">
 <head>
  <title>
</title>
<meta http-equiv="Content-Type" content="text/html;charset=utf-8" />
  <meta name='ocr-system' content='tesseract 3.04.00' />
  <meta name='ocr-capabilities' content='ocr_page ocr_carea ocr_par ocr_line ocrx_word'/>
</head>
<body>
  <div class='ocr_page' id='page_1' title='image "./tristiumlibriqu00ovidgoog_0293.png"; bbox 0 0 2122 3720; ppageno 0'>
   <div class='ocr_carea' id='block_1_1' title="bbox 247 78 709 193">
    <p class='ocr_par' dir='ltr' id='par_1_1' title="bbox 247 78 709 193">
     <span class='ocr_line' id='line_1_1' title="bbox 247 78 709 193; baseline -0.002 -2"><span class='ocrx_word' id='word_1_1' title='bbox 247 164 250 169; x_wconf 86' lang='grc'>-</span> <span class='ocrx_word' id='word_1_2' title='bbox 341 78 709 193; x_wconf 72' lang='lat' dir='ltr'>meeum.</span> 
     </span>
    </p>
   </div>
   <div class='ocr_carea' id='block_1_2' title="bbox 14 231 970 3416">
    <p class='ocr_par' dir='ltr' id='par_1_2' title="bbox 14 231 970 3416">
     <span class='ocr_line' id='line_1_2' title="bbox 68 231 659 310; baseline 0.007 -22"><span class='ocrx_word' id='word_1_3' title='bbox 68 231 196 292; x_wconf 78' lang='lat' dir='ltr'>Invenies</span> <span class='ocrx_word' id='word_1_4' title='bbox 217 231 279 291; x_wconf 82' lang='lat' dir='ltr'>illuc</span> <span class='ocrx_word' id='word_1_5' title='bbox 289 233 420 310; x_wconf 73' lang='lat' dir='ltr'>preconia</span> <span class='ocrx_word' id='word_1_6' title='bbox 433 231 511 292; x_wconf 85' lang='lat' dir='ltr'>vestri</span> <span class='ocrx_word' id='word_1_7' title='bbox 524 234 637 293; x_wconf 80' lang='lat' dir='ltr'>nominis</span> <span class='ocrx_word' id='word_1_8' title='bbox 648 233 659 292; x_wconf 75' lang='grc' dir='ltr'>ἓ</span> 
     </span>
     <span class='ocr_line' id='line_1_3' title="bbox 69 310 637 389; baseline 0.007 -23"><span class='ocrx_word' id='word_1_9' title='bbox 69 310 198 369; x_wconf 77' lang='lat' dir='ltr'>Invenies</span> <span class='ocrx_word' id='word_1_10' title='bbox 214 312 295 370; x_wconf 90' lang='lat' dir='ltr'>multa</span> <span class='ocrx_word' id='word_1_11' title='bbox 305 310 413 389; x_wconf 78' lang='lat' dir='ltr'>pignora</span> <span class='ocrx_word' id='word_1_12' title='bbox 423 314 475 370; x_wconf 87' lang='lat' dir='ltr'>mei</span> <span class='ocrx_word' id='word_1_13' title='bbox 483 311 570 370; x_wconf 88' lang='lat' dir='ltr'>animi.</span> <span class='ocrx_word' id='word_1_14' title='bbox 630 336 637 347; x_wconf 94' lang='lat'><strong>·</strong></span> 
     </span>
     <span class='ocr_line' id='line_1_4' title="bbox 70 387 847 469; baseline 0.005 -22"><span class='ocrx_word' id='word_1_15' title='bbox 70 389 136 447; x_wconf 88' lang='lat' dir='ltr'>Tua</span> <span class='ocrx_word' id='word_1_16' title='bbox 150 389 239 468; x_wconf 83' lang='lat' dir='ltr'>gloria</span> <span class='ocrx_word' id='word_1_17' title='bbox 258 407 314 447; x_wconf 89' lang='lat' dir='ltr'>non</span> <span class='ocrx_word' id='word_1_18' title='bbox 334 387 366 446; x_wconf 81' lang='lat' dir='ltr'>iit</span> <span class='ocrx_word' id='word_1_19' title='bbox 388 387 475 469; x_wconf 83' lang='lat' dir='ltr'>major</span> <span class='ocrx_word' id='word_1_20' title='bbox 500 387 672 463; x_wconf 80' lang='lat' dir='ltr'>carminibus,</span> <span class='ocrx_word' id='word_1_21' title='bbox 691 411 739 451; x_wconf 90' lang='lat' dir='ltr'>nec</span> <span class='ocrx_word' id='word_1_22' title='bbox 843 431 847 437; x_wconf 87' lang='lat'><em>-</em></span> 
     </span>
     <span class='ocr_line' id='line_1_5' title="bbox 70 461 791 546; baseline 0.004 -22"><span class='ocrx_word' id='word_1_23' title='bbox 70 465 164 524; x_wconf 83' lang='lat' dir='ltr'>Habet</span> <span class='ocrx_word' id='word_1_24' title='bbox 178 486 234 544; x_wconf 89' lang='lat' dir='ltr'>quo</span> <span class='ocrx_word' id='word_1_25' title='bbox 245 461 329 546; x_wconf 81' lang='lat' dir='ltr'>poffe&#39;t</span> <span class='ocrx_word' id='word_1_26' title='bbox 342 471 457 526; x_wconf 88' lang='lat' dir='ltr'>crescere</span> <span class='ocrx_word' id='word_1_27' title='bbox 477 484 507 526; x_wconf 90' lang='lat' dir='ltr'>ut</span> <span class='ocrx_word' id='word_1_28' title='bbox 521 464 569 526; x_wconf 83' lang='lat' dir='ltr'>fiat</span> <span class='ocrx_word' id='word_1_29' title='bbox 579 466 672 545; x_wconf 78' lang='lat' dir='ltr'>major.</span> <span class='ocrx_word' id='word_1_30' title='bbox 788 492 791 499; x_wconf 69' lang='lat'>¹</span> 
     </span>
     <span class='ocr_line' id='line_1_6' title="bbox 69 541 673 626; baseline 0.007 -24"><span class='ocrx_word' id='word_1_31' title='bbox 69 547 148 602; x_wconf 78' lang='lat' dir='ltr'>Fama</span> <span class='ocrx_word' id='word_1_32' title='bbox 164 541 276 625; x_wconf 83' lang='lat' dir='ltr'>superest</span> <span class='ocrx_word' id='word_1_33' title='bbox 290 543 374 622; x_wconf 87' lang='lat' dir='ltr'>Jovi:</span> <span class='ocrx_word' id='word_1_34' title='bbox 396 563 485 604; x_wconf 85' lang='lat' dir='ltr'>tamen</span> <span class='ocrx_word' id='word_1_35' title='bbox 497 544 575 626; x_wconf 81' lang='lat' dir='ltr'>juvat</span> <span class='ocrx_word' id='word_1_36' title='bbox 596 545 673 606; x_wconf 88' lang='lat' dir='ltr'>hunc.</span> 
     </span>
     <span class='ocr_line' id='line_1_7' title="bbox 66 621 794 694; baseline 0.008 -13"><span class='ocrx_word' id='word_1_37' title='bbox 66 623 121 681; x_wconf 79' lang='lat' dir='ltr'>Sue</span> <span class='ocrx_word' id='word_1_38' title='bbox 134 621 201 683; x_wconf 76' lang='lat' dir='ltr'>faeta</span> <span class='ocrx_word' id='word_1_39' title='bbox 224 621 327 694; x_wconf 87' lang='lat' dir='ltr'>referri,</span> <span class='ocrx_word' id='word_1_40' title='bbox 345 624 375 681; x_wconf 70' lang='lat'>8&lt;</span> <span class='ocrx_word' id='word_1_41' title='bbox 393 626 419 682; x_wconf 86' lang='lat' dir='ltr'>se</span> <span class='ocrx_word' id='word_1_42' title='bbox 442 621 491 682; x_wconf 83' lang='lat' dir='ltr'>effe</span> <span class='ocrx_word' id='word_1_43' title='bbox 502 625 640 682; x_wconf 83' lang='lat' dir='ltr'>materiam</span> <span class='ocrx_word' id='word_1_44' title='bbox 662 623 794 687; x_wconf 75' lang='lat' dir='ltr'>carminis.</span> 
     </span>
     <span class='ocr_line' id='line_1_8' title="bbox 67 701 741 782; baseline 0.009 -24"><span class='ocrx_word' id='word_1_45' title='bbox 67 703 136 781; x_wconf 78' lang='lat' dir='ltr'>Qie</span> <span class='ocrx_word' id='word_1_46' title='bbox 149 721 208 759; x_wconf 84' lang='lat' dir='ltr'>cunr</span> <span class='ocrx_word' id='word_1_47' title='bbox 222 701 313 782; x_wconf 84' lang='lat' dir='ltr'>praelia</span> <span class='ocrx_word' id='word_1_48' title='bbox 322 702 447 780; x_wconf 84' lang='lat' dir='ltr'>Gigantei</span> <span class='ocrx_word' id='word_1_49' title='bbox 458 702 524 761; x_wconf 85' lang='lat' dir='ltr'>belli</span> <span class='ocrx_word' id='word_1_50' title='bbox 537 721 719 763; x_wconf 83' lang='lat' dir='ltr'>memorantur</span> <span class='ocrx_word' id='word_1_51' title='bbox 731 720 741 771; x_wconf 81' lang='lat'>3</span> 
     </span>
     <span class='ocr_line' id='line_1_9' title="bbox 67 776 648 847; baseline 0.007 -12"><span class='ocrx_word' id='word_1_52' title='bbox 67 776 212 837; x_wconf 81' lang='lat' dir='ltr'>Credibile</span> <span class='ocrx_word' id='word_1_53' title='bbox 224 779 260 838; x_wconf 82' lang='lat' dir='ltr'>est</span> <span class='ocrx_word' id='word_1_54' title='bbox 273 778 323 838; x_wconf 83' lang='lat' dir='ltr'>effe</span> <span class='ocrx_word' id='word_1_55' title='bbox 336 781 424 838; x_wconf 83' lang='lat' dir='ltr'>laetum</span> <span class='ocrx_word' id='word_1_56' title='bbox 452 782 503 839; x_wconf 80' lang='lat' dir='ltr'>suis</span> <span class='ocrx_word' id='word_1_57' title='bbox 517 779 648 847; x_wconf 81' lang='lat' dir='ltr'>laudibus,</span> 
     </span>
     <span class='ocr_line' id='line_1_10' title="bbox 64 857 678 940; baseline 0.01 -25"><span class='ocrx_word' id='word_1_58' title='bbox 64 857 122 915; x_wconf 80' lang='lat' dir='ltr'>Alii</span> <span class='ocrx_word' id='word_1_59' title='bbox 140 857 277 917; x_wconf 88' lang='lat' dir='ltr'>celebrant</span> <span class='ocrx_word' id='word_1_60' title='bbox 290 876 319 917; x_wconf 88' lang='lat' dir='ltr'>te</span> <span class='ocrx_word' id='word_1_61' title='bbox 330 875 433 937; x_wconf 85' lang='lat' dir='ltr'>quanto</span> <span class='ocrx_word' id='word_1_62' title='bbox 444 877 494 919; x_wconf 88' lang='lat' dir='ltr'>ore</span> <span class='ocrx_word' id='word_1_63' title='bbox 511 858 602 930; x_wconf 88' lang='lat' dir='ltr'>decet,</span> <span class='ocrx_word' id='word_1_64' title='bbox 624 880 678 940; x_wconf 90' lang='lat' dir='ltr'>que</span> 
     </span>
     <span class='ocr_line' id='line_1_11' title="bbox 66 935 618 1016; baseline 0.009 -25"><span class='ocrx_word' id='word_1_65' title='bbox 66 935 178 994; x_wconf 91' lang='lat' dir='ltr'>Canunt</span> <span class='ocrx_word' id='word_1_66' title='bbox 192 952 249 994; x_wconf 85' lang='lat' dir='ltr'>tuas</span> <span class='ocrx_word' id='word_1_67' title='bbox 262 936 349 996; x_wconf 78' lang='lat' dir='ltr'>lauder</span> <span class='ocrx_word' id='word_1_68' title='bbox 362 936 485 996; x_wconf 80' lang='lat' dir='ltr'>uberiore</span> <span class='ocrx_word' id='word_1_69' title='bbox 500 936 618 1016; x_wconf 76' lang='lat' dir='ltr'>ingenio·</span> 
     </span>
     <span class='ocr_line' id='line_1_12' title="bbox 64 1012 754 1094; baseline 0.01 -23"><span class='ocrx_word' id='word_1_70' title='bbox 64 1012 121 1071; x_wconf 81' lang='lat' dir='ltr'>Sed</span> <span class='ocrx_word' id='word_1_71' title='bbox 135 1029 226 1073; x_wconf 87' lang='lat' dir='ltr'>tamen</span> <span class='ocrx_word' id='word_1_72' title='bbox 237 1031 268 1072; x_wconf 88' lang='lat' dir='ltr'>ut</span> <span class='ocrx_word' id='word_1_73' title='bbox 279 1014 403 1094; x_wconf 84' lang='lat' dir='ltr'>sanguine</span> <span class='ocrx_word' id='word_1_74' title='bbox 415 1031 522 1074; x_wconf 82' lang='lat' dir='ltr'>centum</span> <span class='ocrx_word' id='word_1_75' title='bbox 530 1033 669 1074; x_wconf 88' lang='lat' dir='ltr'>taurorum</span> <span class='ocrx_word' id='word_1_76' title='bbox 682 1016 754 1093; x_wconf 89' lang='lat' dir='ltr'>fuso,</span> 
     </span>
     <span class='ocr_line' id='line_1_13' title="bbox 64 1091 661 1173; baseline 0.01 -23"><span class='ocrx_word' id='word_1_77' title='bbox 64 1091 113 1150; x_wconf 84' lang='lat' dir='ltr'>Sic</span> <span class='ocrx_word' id='word_1_78' title='bbox 129 1092 203 1150; x_wconf 83' lang='lat' dir='ltr'>Deus</span> <span class='ocrx_word' id='word_1_79' title='bbox 216 1094 316 1173; x_wconf 86' lang='lat' dir='ltr'>capitur</span> <span class='ocrx_word' id='word_1_80' title='bbox 328 1094 438 1152; x_wconf 89' lang='lat' dir='ltr'>minimo</span> <span class='ocrx_word' id='word_1_81' title='bbox 451 1091 556 1151; x_wconf 86' lang='lat' dir='ltr'>honore</span> <span class='ocrx_word' id='word_1_82' title='bbox 566 1092 661 1156; x_wconf 80' lang='lat' dir='ltr'>thuris.</span> 
     </span>
     <span class='ocr_line' id='line_1_14' title="bbox 66 1167 706 1235; baseline 0.008 -8"><span class='ocrx_word' id='word_1_83' title='bbox 66 1167 114 1227; x_wconf 74' lang='lat' dir='ltr'>nh</span> <span class='ocrx_word' id='word_1_84' title='bbox 127 1169 198 1228; x_wconf 80' lang='lat' dir='ltr'>ferus</span> <span class='ocrx_word' id='word_1_85' title='bbox 211 1169 292 1230; x_wconf 77' lang='lat' dir='ltr'>hostis</span> <span class='ocrx_word' id='word_1_86' title='bbox 301 1173 328 1227; x_wconf 75' lang='grc' dir='ltr'><strong>ἃ</strong></span> <span class='ocrx_word' id='word_1_87' title='bbox 342 1170 452 1229; x_wconf 84' lang='lat' dir='ltr'>nimium</span> <span class='ocrx_word' id='word_1_88' title='bbox 470 1171 616 1229; x_wconf 87' lang='lat' dir='ltr'>crudeliter</span> <span class='ocrx_word' id='word_1_89' title='bbox 627 1173 706 1235; x_wconf 88' lang='lat' dir='ltr'>nobis</span> 
     </span>
     <span class='ocr_line' id='line_1_15' title="bbox 116 1244 609 1290; baseline 0.004 -2"><span class='ocrx_word' id='word_1_90' title='bbox 116 1244 123 1259; x_wconf 89' lang='lat'><strong>·</strong></span> <span class='ocrx_word' id='word_1_91' title='bbox 294 1249 299 1260; x_wconf 92' lang='lat'><strong>·</strong></span> <span class='ocrx_word' id='word_1_92' title='bbox 380 1249 410 1260; x_wconf 90' lang='lat'>··</span> <span class='ocrx_word' id='word_1_93' title='bbox 553 1248 558 1259; x_wconf 92' lang='lat'>·</span> <span class='ocrx_word' id='word_1_94' title='bbox 581 1250 609 1290; x_wconf 73' lang='lat' dir='ltr'>&#39;t</span> 
     </span>
     <span class='ocr_line' id='line_1_16' title="bbox 66 1244 670 1386; baseline 0.005 -3"><span class='ocrx_word' id='word_1_95' title='bbox 66 1244 670 1386; x_wconf 37' lang='lat' dir='ltr'>deffiniendi?turdum</span> 
     </span>
     <span class='ocr_line' id='line_1_17' title="bbox 69 1398 574 1484; baseline 0.006 -24"><span class='ocrx_word' id='word_1_96' title='bbox 69 1398 174 1461; x_wconf 79' lang='lat' dir='ltr'>Possint</span> <span class='ocrx_word' id='word_1_97' title='bbox 188 1403 222 1462; x_wconf 79' lang='lat' dir='ltr'>fic</span> <span class='ocrx_word' id='word_1_98' title='bbox 235 1403 289 1484; x_wconf 85' lang='lat' dir='ltr'>legi</span> <span class='ocrx_word' id='word_1_99' title='bbox 297 1405 454 1465; x_wconf 82' lang='lat' dir='ltr'>candidiore</span> <span class='ocrx_word' id='word_1_100' title='bbox 465 1403 574 1482; x_wconf 80' lang='lat' dir='ltr'>judicio.</span> 
     </span>
     <span class='ocr_line' id='line_1_18' title="bbox 68 1477 732 1562; baseline 0.009 -24"><span class='ocrx_word' id='word_1_101' title='bbox 68 1480 121 1539; x_wconf 84' lang='lat' dir='ltr'>Sed</span> <span class='ocrx_word' id='word_1_102' title='bbox 145 1477 198 1539; x_wconf 83' lang='lat' dir='ltr'>effe</span> <span class='ocrx_word' id='word_1_103' title='bbox 219 1483 309 1553; x_wconf 79' lang='lat' dir='ltr'>iratur,</span> <span class='ocrx_word' id='word_1_104' title='bbox 327 1484 388 1562; x_wconf 82' lang='lat' dir='ltr'>quia</span> <span class='ocrx_word' id='word_1_105' title='bbox 401 1484 498 1541; x_wconf 79' lang='lat' dir='ltr'>amicus</span> <span class='ocrx_word' id='word_1_106' title='bbox 513 1478 594 1561; x_wconf 76' lang='lat' dir='ltr'>puiset</span> <span class='ocrx_word' id='word_1_107' title='bbox 609 1498 636 1538; x_wconf 89' lang='lat' dir='ltr'>te</span> <span class='ocrx_word' id='word_1_108' title='bbox 646 1480 732 1544; x_wconf 74' lang='lat' dir='ltr'>mihi?</span> 
     </span>
     <span class='ocr_line' id='line_1_19' title="bbox 65 1556 647 1693; baseline -0.005 -76"><span class='ocrx_word' id='word_1_109' title='bbox 65 1556 126 1693; x_wconf 53' lang='lat' dir='ltr'>gase</span> <span class='ocrx_word' id='word_1_110' title='bbox 141 1576 206 1618; x_wconf 89' lang='lat' dir='ltr'>tuuc</span> <span class='ocrx_word' id='word_1_111' title='bbox 221 1562 267 1619; x_wconf 89' lang='lat' dir='ltr'>vix</span> <span class='ocrx_word' id='word_1_112' title='bbox 280 1582 338 1620; x_wconf 89' lang='lat' dir='ltr'>non</span> <span class='ocrx_word' id='word_1_113' title='bbox 351 1562 470 1619; x_wconf 82' lang='lat' dir='ltr'>inimicus</span> <span class='ocrx_word' id='word_1_114' title='bbox 483 1578 554 1618; x_wconf 87' lang='lat' dir='ltr'>eram</span> <span class='ocrx_word' id='word_1_115' title='bbox 575 1558 647 1617; x_wconf 88' lang='lat' dir='ltr'>mihi.</span> 
     </span>
     <span class='ocr_line' id='line_1_20' title="bbox 93 1637 740 1719; baseline 0.006 -26"><span class='ocrx_word' id='word_1_116' title='bbox 93 1655 140 1695; x_wconf 85' lang='lat' dir='ltr'>um</span> <span class='ocrx_word' id='word_1_117' title='bbox 152 1638 250 1697; x_wconf 88' lang='lat' dir='ltr'>domus</span> <span class='ocrx_word' id='word_1_118' title='bbox 271 1637 386 1719; x_wconf 79' lang='lat' dir='ltr'>quaffata</span> <span class='ocrx_word' id='word_1_119' title='bbox 405 1640 479 1718; x_wconf 77' lang='lat' dir='ltr'>caepit</span> <span class='ocrx_word' id='word_1_120' title='bbox 497 1637 640 1706; x_wconf 84' lang='lat' dir='ltr'>subfidere,</span> <span class='ocrx_word' id='word_1_121' title='bbox 659 1655 740 1698; x_wconf 86' lang='lat' dir='ltr'>omne</span> 
     </span>
     <span class='ocr_line' id='line_1_21' title="bbox 64 1714 621 1797; baseline -0.002 -22"><span class='ocrx_word' id='word_1_122' title='bbox 64 1714 148 1775; x_wconf 76' lang='lat' dir='ltr'>Onam</span> <span class='ocrx_word' id='word_1_123' title='bbox 160 1716 292 1776; x_wconf 84' lang='lat' dir='ltr'>recumbit</span> <span class='ocrx_word' id='word_1_124' title='bbox 302 1717 330 1775; x_wconf 87' lang='lat' dir='ltr'>in</span> <span class='ocrx_word' id='word_1_125' title='bbox 344 1719 503 1797; x_wconf 82' lang='lat' dir='ltr'>proclinatas</span> <span class='ocrx_word' id='word_1_126' title='bbox 524 1734 621 1796; x_wconf 83' lang='lat' dir='ltr'>parter.</span> 
     </span>
     <span class='ocr_line' id='line_1_22' title="bbox 105 1792 780 1857; baseline 0.012 -8"><span class='ocrx_word' id='word_1_127' title='bbox 105 1810 140 1851; x_wconf 88' lang='lat' dir='ltr'>ue</span> <span class='ocrx_word' id='word_1_128' title='bbox 159 1796 251 1854; x_wconf 73' lang='lat' dir='ltr'>&lt;unua</span> <span class='ocrx_word' id='word_1_129' title='bbox 264 1793 401 1854; x_wconf 87' lang='lat' dir='ltr'>dehiscunt</span> <span class='ocrx_word' id='word_1_130' title='bbox 414 1793 524 1853; x_wconf 86' lang='lat' dir='ltr'>fortuna</span> <span class='ocrx_word' id='word_1_131' title='bbox 537 1792 654 1854; x_wconf 78' lang='lat' dir='ltr'>faciente</span> <span class='ocrx_word' id='word_1_132' title='bbox 673 1793 780 1857; x_wconf 84' lang='lat' dir='ltr'>rimam:</span> 
     </span>
     <span class='ocr_line' id='line_1_23' title="bbox 66 1871 641 1952; baseline 0.007 -24"><span class='ocrx_word' id='word_1_133' title='bbox 66 1871 82 1928; x_wconf 86' lang='lat'>1</span> <span class='ocrx_word' id='word_1_134' title='bbox 137 1872 258 1949; x_wconf 70' lang='lat' dir='ltr'>quaedam</span> <span class='ocrx_word' id='word_1_135' title='bbox 268 1887 351 1930; x_wconf 86' lang='lat' dir='ltr'>ruunt</span> <span class='ocrx_word' id='word_1_136' title='bbox 363 1874 445 1934; x_wconf 75' lang='lat' dir='ltr'>traua</span> <span class='ocrx_word' id='word_1_137' title='bbox 456 1877 502 1932; x_wconf 89' lang='lat' dir='ltr'>suo</span> <span class='ocrx_word' id='word_1_138' title='bbox 514 1873 641 1952; x_wconf 83' lang='lat' dir='ltr'>pondere.</span> 
     </span>
     <span class='ocr_line' id='line_1_24' title="bbox 63 1948 903 2031; baseline 0.002 -23"><span class='ocrx_word' id='word_1_139' title='bbox 63 1952 148 2031; x_wconf 80' lang='lat' dir='ltr'>Ergo</span> <span class='ocrx_word' id='word_1_140' title='bbox 159 1949 250 2010; x_wconf 87' lang='lat' dir='ltr'>odium</span> <span class='ocrx_word' id='word_1_141' title='bbox 263 1951 400 2010; x_wconf 87' lang='lat' dir='ltr'>hominum</span> <span class='ocrx_word' id='word_1_142' title='bbox 419 1949 553 2031; x_wconf 80' lang='lat' dir='ltr'>quaesitum</span> <span class='ocrx_word' id='word_1_143' title='bbox 564 1948 631 2010; x_wconf 85' lang='lat' dir='ltr'>milri</span> <span class='ocrx_word' id='word_1_144' title='bbox 653 1949 764 2009; x_wconf 79' lang='lat' dir='ltr'>carmine</span> <span class='ocrx_word' id='word_1_145' title='bbox 776 1973 785 2023; x_wconf 84' lang='lat'>3</span> <span class='ocrx_word' id='word_1_146' title='bbox 898 1968 903 1976; x_wconf 88' lang='lat'><em>·</em></span> 
     </span>
     <span class='ocr_line' id='line_1_25' title="bbox 64 2025 745 2108; baseline 0.003 -22"><span class='ocrx_word' id='word_1_147' title='bbox 64 2027 139 2108; x_wconf 82' lang='lat' dir='ltr'>Qre</span> <span class='ocrx_word' id='word_1_148' title='bbox 159 2027 239 2087; x_wconf 84' lang='lat' dir='ltr'>turba</span> <span class='ocrx_word' id='word_1_149' title='bbox 251 2032 339 2090; x_wconf 79' lang='lat' dir='ltr'>secura</span> <span class='ocrx_word' id='word_1_150' title='bbox 349 2027 385 2089; x_wconf 89' lang='lat' dir='ltr'>est</span> <span class='ocrx_word' id='word_1_151' title='bbox 399 2046 460 2089; x_wconf 81' lang='lat' dir='ltr'>tuos</span> <span class='ocrx_word' id='word_1_152' title='bbox 472 2031 565 2088; x_wconf 85' lang='lat' dir='ltr'>vultus</span> <span class='ocrx_word' id='word_1_153' title='bbox 575 2025 628 2108; x_wconf 79' lang='lat' dir='ltr'>qud</span> <span class='ocrx_word' id='word_1_154' title='bbox 638 2025 745 2088; x_wconf 85' lang='lat' dir='ltr'>debuit.</span> 
     </span>
     <span class='ocr_line' id='line_1_26' title="bbox 14 2102 839 2190; baseline 0.006 -25"><span class='ocrx_word' id='word_1_155' title='bbox 14 2102 21 2111; x_wconf 85' lang='grc'><em>“</em></span> <span class='ocrx_word' id='word_1_156' title='bbox 63 2108 105 2165; x_wconf 74' lang='lat' dir='ltr'>At</span> <span class='ocrx_word' id='word_1_157' title='bbox 116 2107 256 2182; x_wconf 88' lang='lat' dir='ltr'>(memini)</span> <span class='ocrx_word' id='word_1_158' title='bbox 267 2106 400 2188; x_wconf 80' lang='lat' dir='ltr'>probabas</span> <span class='ocrx_word' id='word_1_159' title='bbox 413 2127 498 2166; x_wconf 89' lang='lat' dir='ltr'>meam</span> <span class='ocrx_word' id='word_1_160' title='bbox 521 2108 671 2189; x_wconf 86' lang='lat' dir='ltr'>vitamque,</span> <span class='ocrx_word' id='word_1_161' title='bbox 688 2107 839 2190; x_wconf 87' lang='lat' dir='ltr'>moresque,</span> 
     </span>
     <span class='ocr_line' id='line_1_27' title="bbox 69 2184 645 2265; baseline 0.007 -25"><span class='ocrx_word' id='word_1_162' title='bbox 69 2184 258 2244; x_wconf 75' lang='lat' dir='ltr'>Praetereuntis</span> <span class='ocrx_word' id='word_1_163' title='bbox 276 2186 326 2245; x_wconf 85' lang='lat' dir='ltr'>illo</span> <span class='ocrx_word' id='word_1_164' title='bbox 349 2204 419 2264; x_wconf 79' lang='lat' dir='ltr'>equo</span> <span class='ocrx_word' id='word_1_165' title='bbox 435 2206 513 2265; x_wconf 90' lang='lat' dir='ltr'>quem</span> <span class='ocrx_word' id='word_1_166' title='bbox 525 2186 645 2245; x_wconf 81' lang='lat' dir='ltr'>dederas.</span> 
     </span>
     <span class='ocr_line' id='line_1_28' title="bbox 64 2260 744 2400; baseline 0.009 -80"><span class='ocrx_word' id='word_1_167' title='bbox 64 2260 160 2400; x_wconf 44' lang='lat' dir='ltr'>Qud</span> <span class='ocrx_word' id='word_1_168' title='bbox 181 2261 201 2321; x_wconf 77' lang='lat' dir='ltr'>{i</span> <span class='ocrx_word' id='word_1_169' title='bbox 213 2283 271 2322; x_wconf 88' lang='lat' dir='ltr'>non</span> <span class='ocrx_word' id='word_1_170' title='bbox 282 2265 402 2344; x_wconf 78' lang='lat' dir='ltr'>prodest,</span> <span class='ocrx_word' id='word_1_171' title='bbox 422 2268 450 2323; x_wconf 77' lang='lat'>8&lt;</span> <span class='ocrx_word' id='word_1_172' title='bbox 464 2266 533 2324; x_wconf 85' lang='lat' dir='ltr'>nulla</span> <span class='ocrx_word' id='word_1_173' title='bbox 543 2265 629 2343; x_wconf 87' lang='lat' dir='ltr'>gloria</span> <span class='ocrx_word' id='word_1_174' title='bbox 641 2262 744 2326; x_wconf 79' lang='lat' dir='ltr'>honesti</span> 
     </span>
     <span class='ocr_line' id='line_1_29' title="bbox 65 2338 773 2422; baseline 0.006 -23"><span class='ocrx_word' id='word_1_175' title='bbox 65 2342 109 2399; x_wconf 81' lang='lat' dir='ltr'>Rc</span> <span class='ocrx_word' id='word_1_176' title='bbox 130 2338 217 2414; x_wconf 85' lang='lat' dir='ltr'>ditur,</span> <span class='ocrx_word' id='word_1_177' title='bbox 234 2358 262 2401; x_wconf 88' lang='lat' dir='ltr'>at</span> <span class='ocrx_word' id='word_1_178' title='bbox 280 2342 390 2422; x_wconf 83' lang='lat' dir='ltr'>adeptus</span> <span class='ocrx_word' id='word_1_179' title='bbox 402 2362 474 2401; x_wconf 87' lang='lat' dir='ltr'>eram</span> <span class='ocrx_word' id='word_1_180' title='bbox 494 2344 596 2400; x_wconf 88' lang='lat' dir='ltr'>nullum</span> <span class='ocrx_word' id='word_1_181' title='bbox 608 2343 714 2402; x_wconf 87' lang='lat' dir='ltr'>crimen.</span> <span class='ocrx_word' id='word_1_182' title='bbox 769 2352 773 2359; x_wconf 88' lang='lat'>&#39;</span> 
     </span>
     <span class='ocr_line' id='line_1_30' title="bbox 61 2416 745 2491; baseline -0.001 -12"><span class='ocrx_word' id='word_1_183' title='bbox 61 2418 125 2479; x_wconf 68' lang='lat' dir='ltr'>Noc</span> <span class='ocrx_word' id='word_1_184' title='bbox 134 2417 243 2479; x_wconf 80' lang='lat' dir='ltr'>fortuna</span> <span class='ocrx_word' id='word_1_185' title='bbox 254 2425 362 2480; x_wconf 78' lang='lat' dir='ltr'>&#39;reorum</span> <span class='ocrx_word' id='word_1_186' title='bbox 375 2417 411 2479; x_wconf 86' lang='lat' dir='ltr'>est</span> <span class='ocrx_word' id='word_1_187' title='bbox 424 2417 493 2477; x_wconf 72' lang='lat' dir='ltr'>male</span> <span class='ocrx_word' id='word_1_188' title='bbox 511 2416 640 2478; x_wconf 79' lang='lat' dir='ltr'>commiffa</span> <span class='ocrx_word' id='word_1_189' title='bbox 654 2418 745 2491; x_wconf 72' lang='lat' dir='ltr'>nobit,</span> 
     </span>
     <span class='ocr_line' id='line_1_31' title="bbox 60 2497 672 2579; baseline -0.002 -24"><span class='ocrx_word' id='word_1_190' title='bbox 60 2498 136 2579; x_wconf 80' lang='lat' dir='ltr'>Qte</span> <span class='ocrx_word' id='word_1_191' title='bbox 149 2498 180 2556; x_wconf 75' lang='lat' dir='ltr'>lis</span> <span class='ocrx_word' id='word_1_192' title='bbox 196 2497 356 2578; x_wconf 83' lang='lat' dir='ltr'>inspicienda</span> <span class='ocrx_word' id='word_1_193' title='bbox 375 2499 468 2557; x_wconf 87' lang='lat' dir='ltr'>decem</span> <span class='ocrx_word' id='word_1_194' title='bbox 491 2497 579 2556; x_wconf 65' lang='lat' dir='ltr'>deciee</span> <span class='ocrx_word' id='word_1_195' title='bbox 596 2498 672 2554; x_wconf 80' lang='lat' dir='ltr'>viris.</span> 
     </span>
     <span class='ocr_line' id='line_1_32' title="bbox 61 2573 965 2659; baseline -0.001 -26"><span class='ocrx_word' id='word_1_196' title='bbox 61 2578 191 2659; x_wconf 73' lang='lat' dir='ltr'>Quoque</span> <span class='ocrx_word' id='word_1_197' title='bbox 208 2576 290 2658; x_wconf 83' lang='lat' dir='ltr'>judex</span> <span class='ocrx_word' id='word_1_198' title='bbox 302 2575 378 2636; x_wconf 83' lang='lat' dir='ltr'>statui</span> <span class='ocrx_word' id='word_1_199' title='bbox 391 2577 507 2655; x_wconf 85' lang='lat' dir='ltr'>privatas</span> <span class='ocrx_word' id='word_1_200' title='bbox 521 2594 561 2631; x_wconf 87' lang='lat' dir='ltr'>res</span> <span class='ocrx_word' id='word_1_201' title='bbox 575 2573 630 2632; x_wconf 83' lang='lat' dir='ltr'>fine</span> <span class='ocrx_word' id='word_1_202' title='bbox 640 2575 762 2646; x_wconf 87' lang='lat' dir='ltr'>crimine,</span> <span class='ocrx_word' id='word_1_203' title='bbox 930 2593 965 2656; x_wconf 67' lang='grc' dir='ltr'>,ς</span> 
     </span>
     <span class='ocr_line' id='line_1_33' title="bbox 61 2649 738 2790; baseline 0.003 -80"><span class='ocrx_word' id='word_1_204' title='bbox 61 2656 202 2742; x_wconf 74' lang='lat' dir='ltr'>Quepars</span> <span class='ocrx_word' id='word_1_205' title='bbox 221 2656 408 2790; x_wconf 51' lang='lat' dir='ltr'>vitiaffuoque</span> <span class='ocrx_word' id='word_1_206' title='bbox 430 2650 488 2711; x_wconf 81' lang='lat' dir='ltr'>fnffa</span> <span class='ocrx_word' id='word_1_207' title='bbox 500 2649 538 2713; x_wconf 81' lang='lat' dir='ltr'>est</span> <span class='ocrx_word' id='word_1_208' title='bbox 549 2651 583 2710; x_wconf 91' lang='lat' dir='ltr'>de</span> <span class='ocrx_word' id='word_1_209' title='bbox 602 2653 660 2711; x_wconf 73' lang='lat' dir='ltr'>mei</span> <span class='ocrx_word' id='word_1_210' title='bbox 674 2649 738 2712; x_wconf 83' lang='lat' dir='ltr'>fide.</span> 
     </span>
     <span class='ocr_line' id='line_1_34' title="bbox 64 2736 685 2805; baseline -0.011 -12"><span class='ocrx_word' id='word_1_211' title='bbox 64 2736 114 2793; x_wconf 85' lang='lat' dir='ltr'>Me</span> <span class='ocrx_word' id='word_1_212' title='bbox 138 2738 271 2805; x_wconf 86' lang='lat' dir='ltr'>mrserum,</span> <span class='ocrx_word' id='word_1_213' title='bbox 332 2752 389 2791; x_wconf 90' lang='lat' dir='ltr'>non</span> <span class='ocrx_word' id='word_1_214' title='bbox 404 2749 520 2789; x_wconf 85' lang='lat' dir='ltr'>extrema</span> <span class='ocrx_word' id='word_1_215' title='bbox 543 2744 685 2804; x_wconf 87' lang='lat' dir='ltr'>nocerent,</span> 
     </span>
     <span class='ocr_line' id='line_1_35' title="bbox 67 2806 667 2886; baseline -0.003 -17"><span class='ocrx_word' id='word_1_216' title='bbox 67 2810 151 2871; x_wconf 87' lang='lat' dir='ltr'>Potui</span> <span class='ocrx_word' id='word_1_217' title='bbox 170 2806 221 2869; x_wconf 83' lang='lat' dir='ltr'>effe</span> <span class='ocrx_word' id='word_1_218' title='bbox 241 2827 313 2868; x_wconf 88' lang='lat' dir='ltr'>tutus</span> <span class='ocrx_word' id='word_1_219' title='bbox 327 2831 384 2868; x_wconf 93' lang='lat' dir='ltr'>non</span> <span class='ocrx_word' id='word_1_220' title='bbox 397 2809 478 2867; x_wconf 87' lang='lat' dir='ltr'>semel</span> <span class='ocrx_word' id='word_1_221' title='bbox 498 2825 547 2866; x_wconf 89' lang='lat' dir='ltr'>tuo</span> <span class='ocrx_word' id='word_1_222' title='bbox 561 2807 667 2886; x_wconf 79' lang='lat' dir='ltr'>juditio.</span> 
     </span>
     <span class='ocr_line' id='line_1_36' title="bbox 62 2886 850 2968; baseline -0.001 -20"><span class='ocrx_word' id='word_1_223' title='bbox 62 2890 170 2952; x_wconf 85' lang='lat' dir='ltr'>Ultima</span> <span class='ocrx_word' id='word_1_224' title='bbox 181 2887 295 2968; x_wconf 86' lang='lat' dir='ltr'>perdunt</span> <span class='ocrx_word' id='word_1_225' title='bbox 307 2906 362 2958; x_wconf 91' lang='lat' dir='ltr'>me,</span> <span class='ocrx_word' id='word_1_226' title='bbox 381 2907 432 2965; x_wconf 87' lang='lat' dir='ltr'>que</span> <span class='ocrx_word' id='word_1_227' title='bbox 442 2906 493 2944; x_wconf 89' lang='lat' dir='ltr'>una</span> <span class='ocrx_word' id='word_1_228' title='bbox 504 2887 620 2964; x_wconf 88' lang='lat' dir='ltr'>procella</span> <span class='ocrx_word' id='word_1_229' title='bbox 638 2886 736 2968; x_wconf 74' lang='lat' dir='ltr'>mergit</span> <span class='ocrx_word' id='word_1_230' title='bbox 755 2903 850 2963; x_wconf 86' lang='lat' dir='ltr'>ratem,</span> 
     </span>
     <span class='ocr_line' id='line_1_37' title="bbox 64 2964 970 3044; baseline -0.001 -19"><span class='ocrx_word' id='word_1_231' title='bbox 64 2967 164 3028; x_wconf 85' lang='lat' dir='ltr'>Toties</span> <span class='ocrx_word' id='word_1_232' title='bbox 187 2968 348 3024; x_wconf 85' lang='lat' dir='ltr'>incolumem</span> <span class='ocrx_word' id='word_1_233' title='bbox 369 2965 416 3023; x_wconf 85' lang='lat' dir='ltr'>sub</span> <span class='ocrx_word' id='word_1_234' title='bbox 431 2964 609 3044; x_wconf 59' lang='lat' dir='ltr'>imoaeauore.</span> <span class='ocrx_word' id='word_1_235' title='bbox 914 2988 970 3034; x_wconf 73' lang='lat'>100</span> 
     </span>
     <span class='ocr_line' id='line_1_38' title="bbox 64 3041 821 3123; baseline 0.003 -19"><span class='ocrx_word' id='word_1_236' title='bbox 64 3045 126 3106; x_wconf 84' lang='lat' dir='ltr'>Nec</span> <span class='ocrx_word' id='word_1_237' title='bbox 138 3048 217 3122; x_wconf 75' lang='lat' dir='ltr'>parva</span> <span class='ocrx_word' id='word_1_238' title='bbox 230 3064 287 3123; x_wconf 88' lang='lat' dir='ltr'>pars</span> <span class='ocrx_word' id='word_1_239' title='bbox 298 3043 332 3102; x_wconf 89' lang='lat' dir='ltr'>de</span> <span class='ocrx_word' id='word_1_240' title='bbox 350 3043 457 3121; x_wconf 86' lang='lat' dir='ltr'>gurgite</span> <span class='ocrx_word' id='word_1_241' title='bbox 467 3043 560 3100; x_wconf 91' lang='lat' dir='ltr'>nocuit</span> <span class='ocrx_word' id='word_1_242' title='bbox 574 3041 651 3111; x_wconf 87' lang='lat' dir='ltr'>mihi,</span> <span class='ocrx_word' id='word_1_243' title='bbox 674 3041 719 3103; x_wconf 86' lang='lat' dir='ltr'>sed</span> <span class='ocrx_word' id='word_1_244' title='bbox 729 3065 821 3106; x_wconf 73' lang='lat' dir='ltr'>omnes</span> 
     </span>
     <span class='ocr_line' id='line_1_39' title="bbox 64 3119 670 3200; baseline -0.015 -17"><span class='ocrx_word' id='word_1_245' title='bbox 64 3125 173 3185; x_wconf 74' lang='lat' dir='ltr'>fruetus</span> <span class='ocrx_word' id='word_1_246' title='bbox 184 3141 236 3200; x_wconf 90' lang='lat' dir='ltr'>que</span> <span class='ocrx_word' id='word_1_247' title='bbox 256 3122 378 3182; x_wconf 75' lang='lat' dir='ltr'>Oceanus</span> <span class='ocrx_word' id='word_1_248' title='bbox 390 3119 504 3199; x_wconf 60' lang='lat' dir='ltr'>prestere</span> <span class='ocrx_word' id='word_1_249' title='bbox 517 3119 569 3178; x_wconf 90' lang='lat' dir='ltr'>hoc</span> <span class='ocrx_word' id='word_1_250' title='bbox 585 3124 670 3200; x_wconf 76' lang='lat' dir='ltr'>caput.</span> 
     </span>
     <span class='ocr_line' id='line_1_40' title="bbox 63 3197 728 3262; baseline -0.003 -2"><span class='ocrx_word' id='word_1_251' title='bbox 63 3204 124 3262; x_wconf 89' lang='lat' dir='ltr'>Cur</span> <span class='ocrx_word' id='word_1_252' title='bbox 139 3201 197 3259; x_wconf 85' lang='lat' dir='ltr'>vidi</span> <span class='ocrx_word' id='word_1_253' title='bbox 210 3200 244 3258; x_wconf 83' lang='lat' dir='ltr'>ali</span> <span class='ocrx_word' id='word_1_254' title='bbox 261 3199 331 3259; x_wconf 78' lang='lat' dir='ltr'>nidt</span> <span class='ocrx_word' id='word_1_255' title='bbox 357 3201 414 3257; x_wconf 86' lang='lat' dir='ltr'>Cur</span> <span class='ocrx_word' id='word_1_256' title='bbox 436 3197 487 3258; x_wconf 75' lang='lat' dir='ltr'>Feci</span> <span class='ocrx_word' id='word_1_257' title='bbox 508 3198 606 3257; x_wconf 90' lang='lat' dir='ltr'>lumina</span> <span class='ocrx_word' id='word_1_258' title='bbox 630 3198 728 3258; x_wconf 63' lang='lat' dir='ltr'>noxia?</span> 
     </span>
     <span class='ocr_line' id='line_1_41' title="bbox 63 3220 928 3416; baseline -0.008 -76"><span class='ocrx_word' id='word_1_259' title='bbox 63 3282 123 3340; x_wconf 89' lang='lat' dir='ltr'>Cur</span> <span class='ocrx_word' id='word_1_260' title='bbox 144 3280 219 3361; x_wconf 78' lang='lat' dir='ltr'>culpa</span> <span class='ocrx_word' id='word_1_261' title='bbox 231 3220 266 3336; x_wconf 74' lang='lat' dir='ltr'>edi</span> <span class='ocrx_word' id='word_1_262' title='bbox 280 3278 388 3359; x_wconf 86' lang='lat' dir='ltr'>cognita</span> <span class='ocrx_word' id='word_1_263' title='bbox 401 3275 466 3335; x_wconf 87' lang='lat' dir='ltr'>mihi</span> <span class='ocrx_word' id='word_1_264' title='bbox 479 3275 644 3357; x_wconf 84' lang='lat' dir='ltr'>imprudenti</span> <span class='ocrx_word' id='word_1_265' title='bbox 658 3274 668 3334; x_wconf 73' lang='grc' dir='ltr'>ἐ</span> <span class='ocrx_word' id='word_1_266' title='bbox 857 3356 928 3416; x_wconf 52' lang='lat' dir='ltr'>A&amp;</span> 
     </span>
     <span class='ocr_line' id='line_1_42' title="bbox 930 3373 967 3415; baseline 0 0"><span class='ocrx_word' id='word_1_267' title='bbox 930 3373 967 3415; x_wconf 86' lang='lat' dir='ltr'>on</span> 
     </span>
    </p>
   </div>
   <div class='ocr_carea' id='block_1_3' title="bbox 0 0 1066 3720">
    <p class='ocr_par' dir='ltr' id='par_1_3' title="bbox 0 0 1066 3720">
     <span class='ocr_line' id='line_1_43' title="bbox 0 0 1066 3720; baseline 0 1"><span class='ocrx_word' id='word_1_268' title='bbox 0 0 1066 3720; x_wconf 95' lang='lat' dir='ltr'> </span> 
     </span>
    </p>
   </div>
  </div>
 </body>
</html>
