2122 3720
157 101 416 185 n1ann
471 102 518 182 r
765 143 807 215 ἢ

31 219 43 280 i
62 222 113 303 ipse
122 223 194 281 vales
209 244 261 281 nor
268 224 384 282 valemus
395 221 482 301 aliqui
497 241 591 302 parte:

31 321 88 360 mea
103 303 177 359 ruina
191 302 258 360 fulta
273 301 309 360 est
320 302 369 360 tuis
383 299 507 360 humeris.

31 408 33 436 r
54 379 161 438 dederis
176 379 296 459 ingentia
307 379 418 458 pignora
430 379 507 452 mihi,
525 400 575 461 que
586 404 644 447 cum

37 457 89 516 hor
108 475 183 540 caput
196 477 242 534 per
255 475 349 517 omnes
371 475 498 516 numeror
513 477 520 512 ε

31 535 90 614 [uod
105 553 150 594 tua
161 536 265 616 epistola
280 533 343 593 rard
355 534 454 594 iblatur
465 554 515 594 me.

31 612 77 672 ssas
87 614 155 693 piam
170 634 237 687 rem,
255 617 283 674 δε
297 632 378 694 negas
388 613 475 673 verba
489 613 559 677 mihi.

31 692 132 750 emenda
146 691 218 754 hoc:
238 692 312 770 quod
332 713 413 751 unum
432 691 450 750 fi
469 697 623 768 terrereris,

31 789 111 828 raevus
122 770 171 829 erit
181 771 208 830 in
224 773 334 850 egregio
343 789 463 848 corpore.
511 805 513 810 ,
709 841 713 850 ⁴

31 872 35 906 ι
47 847 175 928 pluribus,
194 847 243 907 nifi
254 845 333 927 potiit
346 847 416 920 fieri,-
424 866 461 908 -ut
473 850 562 925 litera,
581 866 670 915 tamen

31 923 104 996 mida,
125 946 183 986 non
191 927 284 985 veniat
297 927 330 984 ad
343 947 394 986 me.
584 960 586 964 ·

31 1022 48 1064 rt
61 1020 92 1062 ut
114 1001 202 1063 noiira
211 1005 323 1085 querela
336 1003 368 1064 iit
378 1010 530 1083 temeraria,

31 1104 47 1142 n
61 1081 130 1142 falso
139 1099 168 1141 te
181 1102 238 1143 non
249 1080 390 1142 meminisse
409 1087 473 1145 mei.
554 1108 556 1113 ·

31 1180 124 1237 necor,
145 1162 229 1240 liquet
245 1159 305 1231 elie,
325 1161 396 1221 enim
410 1180 496 1244 neque
508 1159 551 1220 ias
565 1159 605 1222 est

31 1237 355 1318 iereroburtuipedoris
378 1238 577 1301 effemutabiie.
768 1266 808 1311 ιο

31 1338 63 1377 na
72 1316 212 1394 absynthia
226 1315 310 1378 defint
333 1319 424 1398 gelido
437 1321 541 1389 Ponto,
767 1320 785 1328 ”

32 1401 93 1456 acris
111 1396 202 1474 Hybla
215 1410 303 1455 careat
312 1393 383 1454 dulci
393 1396 508 1475 thymo:

32 1476 141 1555 risquam
154 1474 292 1534 convincit
313 1491 342 1534 te
355 1474 535 1537 immemorem
549 1474 624 1540 amici
639 1497 647 1537 2

36 1558 87 1613 mei
101 1552 150 1612 fati
170 1573 227 1612 non
245 1555 306 1612 sunt
331 1555 368 1612 ira
382 1556 468 1635 nigra.

32 1653 53 1689 n
67 1649 98 1690 ut
110 1627 189 1712 poss‘rr
200 1650 309 1711 quoque
320 1632 417 1712 pellere
427 1633 535 1695 crimina

33 1711 89 1789 ipe,
109 1728 223 1768 caverre
248 1711 369 1782 videare,
386 1712 459 1790 quod
474 1731 579 1774 nones.

32 1788 172 1849 iriebamus
183 1790 333 1846 consumere
352 1791 435 1867 ionga
447 1807 565 1870 tempora

32 1868 72 1941 io,
100 1866 145 1925 die
158 1861 299 1924 deficiente
311 1869 437 1927 sermoni.

32 1967 44 2004 c
56 1948 134 2006 litera
149 1942 231 2014 ferat,
250 1962 279 2001 ac
292 1941 389 2001 referat
403 1945 494 2001 tacitas
506 1961 602 2018 voces,

32 2041 110 2105 :aque
122 2042 214 2082 manus
225 2038 353 2102 peragant
373 2021 441 2078 vires
453 2021 557 2100 lingue.

32 2103 149 2163 evidear
163 2100 269 2160 nimium
288 2097 413 2159 diffidere
423 2096 487 2170 tibi,
513 2096 545 2158 fit
558 2099 618 2160 tatis

32 2179 141 2240 annuisse
155 2181 206 2239 hoc
218 2177 303 2257 paucis
320 2175 456 2236 verfibur:

32 2280 74 2340 ruo
92 2259 180 2318 verbo
194 2255 297 2336 epiiiola
308 2256 408 2335 semper
420 2253 526 2331 finitur,

32 2357 88 2418 :que
100 2354 131 2396 ut
146 2354 191 2396 tua
214 2334 267 2392 fata
279 2331 376 2394 distent
398 2336 472 2393 meir.
563 2377 570 2381 -

155 2577 435 2644 ΗΕΘΜ
473 2576 615 2646 xlm·

34 2725 119 2807 onjux
128 2727 216 2787 rarior
227 2727 291 2786 mihi
304 2744 357 2800 rne,
377 2731 428 2808 ipsa
441 2725 516 2784 vides

33 2809 124 2884 zunta
136 2825 308 2865 monumenta
320 2806 439 2865 dederim
451 2804 501 2864 tibi
521 2793 615 2863 nostris
625 2802 740 2884 libellis,

49 2884 140 2945 iicebit
157 2883 280 2944 detrahat
297 2887 408 2943 muitum
419 2882 536 2943 auam-i:

35 2981 67 3023 tu
75 2960 162 3022 ferire
176 2964 242 3022 clara
253 2981 314 3021 meo
330 2963 357 3020 in
376 2962 447 3024 enio.
718 3020 721 3026 .

33 3041 149 3120 nlegar‚
170 3042 265 3120 pariter
284 3057 329 3100 tua
407 3040 542 3121 alegetur
556 3055 669 3115 merum,
796 3054 840 3117 ςΙ

33 3139 64 3182 :ee
77 3120 163 3178 omnir
176 3120 250 3179 abire
267 3121 295 3176 in
314 3115 420 3178 moeiios
432 3136 525 3197 rogor·

33 3220 56 3258 m
104 3194 146 3256 ffis
156 3197 247 3256 videri
257 3196 400 3257 miseranda
413 3199 470 3275 casu
482 3193 541 3267 viri,

33 3216 152 3357 radium
169 3295 226 3358 quae
238 3277 327 3339 velint
343 3274 393 3336 eiie
413 3274 487 3357 quod
498 3293 545 3335 er:

747 3284 816 3432 na
