2108 3712
60 120 113 217 74·
311 107 730 195 ,unanimis

60 232 122 294 Nec
132 250 227 315 eornm
233 233 348 321 patiens,
368 250 419 290 nec
431 252 507 291 mens
520 231 572 291 fuit
582 252 640 315 apta
653 237 758 313 labari,

61 313 128 388 Que
141 332 212 373 eram
223 316 303 391 iugax
316 308 438 369 sollicitae
455 309 619 381 ambitionis,

62 398 101 451 Et
115 393 212 452 Anniae
223 389 331 450 sorores
351 386 497 448 suadebant
521 406 614 467 petere
627 410 686 456 tuta

61 470 139 545 Otia,
157 475 259 551 semper
270 484 359 531 emata
370 485 433 529 meo
444 467 553 548 judicio.
599 492 612 503 ·

62 550 147 611 Colui
157 568 210 629 que
221 548 282 607 fovi
296 546 469 613 Rostuiuiu
481 548 622 630 temporis,

60 630 133 711 Qu
143 644 213 709 quot
226 626 340 693 aderant
351 639 444 699 'natm
464 624 545 687 rebar
556 628 634 691 Deos
646 629 744 695 adesse.-

61 710 135 789 sepe
146 711 243 769 Macer
256 705 383 788 grandior
393 724 454 765 aeuo
465 706 533 787 legit
548 706 613 766 mihi
624 710 680 769 suas
753 778 755 782 .

62 786 208 863 volucres,
226 805 280 866 que
292 788 577 876 qruaeferpensnocet,
593 807 654 867 qun
665 789 750 852 herba
763 791 861 875 juvat.

60 870 136 946 sepe
155 863 305 948 Propertius
318 862 536 924 solitusrecutare
548 864 610 926 siuns
622 865 713 950 ignes,
827 875 828 880 ’
935 888 966 952 4ς

63 943 123 1024 Qui
133 942 237 1023 iuuenis
249 959 308 1027 erat
321 939 386 1001 mihi
398 938 455 1022 jure
467 943 596 1005 sodalitii.

62 1024 179 1103 Quoque
202 1021 326 1081 Ponticus
345 1019 445 1081 Battus
471 1023 557 1083 chaus
578 1024 677 1084 Heron
696 1026 797 1094 lambo

64 1105 152 1168 Fuere
166 1100 254 1161 dulcia
266 1097 387 1163 rnembra
399 1100 453 1160 mei
464 1102 614 1165 conuiuiis.
728 1150 731 1155 ,
743 1130 753 1135 ·

63 1179 230 1263 ilunerosus
242 1179 371 1247 Horatius
381 1178 500 1239 detinuit
508 1180 613 1242 nostras
624 1200 709 1261 aeres,
740 1205 744 1212 ·
840 1229 844 1235 -

63 1258 211 1320 Dumferit
222 1259 294 1318 culta
304 1258 423 1319 carmine
440 1257 561 1327 Ausonii
573 1260 656 1340 Lyrd.
690 1282 692 1287 ·
943 1282 975 1347 50

63 1337 187 1398 Tantum
199 1337 256 1398 vidi
270 1337 428 1418 Virgilium,
447 1359 498 1399 nee
510 1357 590 1399 avara
602 1340 660 1401 fata

64 1413 174 1478 Dedire
183 1434 285 1498 ternpus
299 1435 364 1477 meae
375 1417 495 1477 amicitie
505 1418 631 1480 Tibullo.

63 1492 154 1567 Galle,
172 1495 327 1576 Propertius
348 1494 399 1553 fuit
412 1493 538 1556 sueceffou
554 1498 608 1572 illi,
628 1498 672 1560 bie
685 1498 747 1572 tibi,

63 1574 121 1632 lle
134 1571 174 1632 fui
189 1589 300 1655 quartus
321 1571 357 1633 ab
369 1571 410 1633 luis
423 1574 488 1635 serie
500 1580 640 1657 temporis.

64 1593 127 1726 (ine
143 1668 175 1711 ut
188 1671 243 1734 ego
256 1651 384 1731 majores,
404 1649 439 1713 iic
451 1653 569 1714 minores
584 1652 694 1717 coluere
709 1673 767 1731 nse:
946 1674 976 1734 55

64 1729 128 1806 Que
142 1751 200 1794 mea
221 1732 317 1792 Thalia
327 1731 364 1793 eil
376 1728 445 1793 fana
457 1748 526 1794 note
537 1753 596 1796 nnn
608 1733 697 1797 tarde

67 1812 138 1871 Cum
146 1813 260 1894 primurn
270 1811 325 1892 legi
337 1809 464 1893 juvenilia
469 1812 587 1875 mmine
596 1818 709 1898 populo,

66 1889 164 1959 Barba
178 1892 232 1955 fuit
245 1893 344 1955 resena
354 1889 421 1953 mibi
433 1891 527 1953 bis-ve
539 1908 641 1957 ter-ve.
676 1894 679 1899 ’

66 1977 202 2047 corinna,
217 1991 278 2033 non
291 1971 362 2033 dida
372 1986 443 2031 vero
453 1972 641 2035 nominemini

66 2059 184 2116 cantata
194 2069 243 2133 per
255 2048 450 2113 toranu'urbem
472 2053 761 2134 moventingenium,
945 2064 981 2114 60

99 2133 187 2193 uidem
195 2126 283 2209 seripfi
293 2132 389 2198 multa,
409 2128 522 2209 sedqn'e
539 2135 631 2214 putavi
645 2133 752 2206 vitiosa,

65 2215 80 2271 1
111 2210 203 2274 ededi
215 2206 319 2290 ignibus
332 2207 523 2270 emendaturis.

66 2234 262 2436 innui
276 2284 742 2425 ΡΡΡΡΡ
766 2289 907 2372 ΡΡΡΡ·

68 2454 158 2517 Molle
168 2387 283 2511 roserii
299 2447 374 2521 inibi,
392 2465 443 2506 nee
455 2442 660 2526 inexpugnabile
673 2448 824 2528 cupidineis
948 2461 984 2521 ις

68 2532 156 2606 Telis,
175 2548 226 2615 que
240 2528 316 2608 quod
330 2528 397 2586 levis
410 2528 485 2585 cansa
498 2541 628 2585 moveret.
698 2567 701 2573 .
978 2528 981 2533 '

68 2611 175 2672 Tamen
193 2629 252 2668 eum
269 2604 346 2665 effen
359 2604 413 2678 bic,
433 2624 488 2687 que
501 2603 658 2664 accenderer
673 2607 785 2666 minimo
799 2608 876 2687 igne,

69 2691 156 2749 Nulla
169 2686 259 2752 fabula
272 2684 325 2745 fnit
343 2683 392 2743 sub
410 2682 504 2744 nolito
516 2683 637 2742 nomine.

69 2768 151 2827 U'xor
168 2766 205 2826 eli
217 2766 281 2826 data
302 2762 369 2822 mihi
383 2780 456 2843 pene
467 2781 560 2842 puerm
577 2782 627 2821 nee
647 2762 741 2842 digna,
783 2779 785 2783 ·

68 2844 130 2906 Nee
140 2846 222 2917 utilis,
240 2864 298 2925 quae
317 2859 400 2923 nupta
410 2840 459 2899 fuit
470 2859 518 2920 per
532 2839 616 2899 breve
633 2858 744 2919 tempus.
946 2857 988 2907 70

68 2925 114 2984 Illi
132 2919 251 2984 succellit
263 2919 373 2999 conjux,
390 2917 511 2999 quamvis
524 2916 577 2977 iine
588 2918 710 2990 crimine,

69 3004 176 3064 Tamen
187 3023 245 3063 non
257 2999 349 3061 sutura
359 2995 436 3060 firma
449 2998 480 3056 in
492 2994 584 3056 noilro
593 3012 668 3058 toro.

71 3083 188 3154 Ultima,
207 3076 416 3162 quaepermaniit
434 3094 537 3136 meeum
548 3076 578 3136 in
589 3079 657 3137 seros
676 3094 773 3146 annos,

69 3158 193 3223 Sustinuit
216 3157 267 3217 elle
296 3158 395 3239 conjux
409 3157 501 3216 'exulis
526 3155 588 3216 viri.

71 3246 132 3302 Mea
152 3234 206 3298 filia
218 3236 341 3296 foecnuda
354 3237 418 3299 fecit
432 3244 475 3296 m'e
488 3254 569 3294 avum
583 3234 623 3293 bis

70 3317 157 3386 Primi
167 3311 288 3401 juventi,
307 3313 353 3400 sed
364 3334 421 3379 non
435 3334 469 3398 ex
481 3311 669 3393 uaraeonjuge.
