2108 3712
61 150 108 227 ³4
328 122 737 205 TRISTIUM

61 244 134 305 Ctmt
144 239 234 301 antitis
248 236 348 299 fefellit
360 243 483 301 maritum
496 238 580 319 aliqud
596 242 731 315 novitate,
906 254 948 317 505

67 320 204 380 Plauditur
216 322 244 376 ὃ(
253 338 349 399 magna
361 323 446 399 palma
457 319 535 377 datur
546 317 653 379 favore..

62 399 126 472 Que
140 397 214 531 <guod
225 398 309 455 nitius
331 395 449 476 prodest,
468 416 546 475 pona
555 392 591 453 est
602 396 705 457 lucrosa
714 414 812 477 posto,

63 478 136 557 Qe
172 493 251 531 tutor
274 476 339 533 emit
353 493 426 534 tanta
443 476 553 534 crimina
566 493 625 531 non
636 493 738 553 parvm-

64 550 183 632 Auguste
194 551 289 632 inspice
299 556 414 633 stimptus
426 572 534 612 tuorum
543 552 683 626 ludorum,

64 632 153 709 Leges
168 633 252 688 multa
264 632 326 689 talia
339 649 425 713 empta
443 631 494 689 tibi
511 649 621 765 maffio.

64 708 112 766 Tu
125 705 237 788 spedasti
251 708 316 779 haec,
334 728 386 844 {ue
408 711 471 788 sepe
496 706 556 765 ded'
579 708 584 719 '
603 705 763 788 sposttndtt

66 785 129 844 Tua
145 784 261 862 majellas
274 784 309 843 est
321 806 339 843 u
349 786 419 864 ique
432 786 500 843 adeo
512 804 601 843 comis.

67 864 137 939 Qut
160 864 232 921 laetus
246 861 332 921 vidisti
355 864 453 922 scenica
466 862 597 921 adulterit

67 941 137 998 Tuis
151 941 305 1011 luminibus,
324 941 417 1019 quibus
431 958 505 999 totus
517 941 591 999 orbis
603 939 702 1000 utitur.

68 1019 97 1078 Si
116 1015 155 1073 lits
170 1014 205 1074 eil
225 1018 339 1076 scribere
356 1020 450 1076 mimos
473 1017 603 1076 imitantes
617 1018 701 1096 turpia
716 1035 725 1086 ;

67 1094 166 1154 Debita
180 1116 257 1173 penna
271 1116 334 1157 ment
347 1096 460 1154 muteriae
483 1093 518 1152 ell
537 1098 637 1154 minor.

69 1178 113 1229 An
127 1174 168 1229 lua
181 1174 277 1251 pulpita
290 1172 387 1231 l'atiunt
414 1174 466 1231 hoc
480 1193 562 1253 genus
575 1170 663 1249 stripti
679 1186 779 1241 tutum,

68 1252 139 1330 Qie
153 1254 226 1307 scena
241 1250 315 1309 dedit
330 1252 419 1321 licere,
441 1252 528 1310 mimis
537 1250 610 1330 quod
623 1248 716 1310 libet?

70 1334 106 1386 Et
120 1348 176 1385 mea
187 1336 308 1405 poetnata
322 1331 382 1385 lunt
397 1330 460 1407 saepe
473 1331 563 1387 saltata
575 1328 674 1407 populo
687 1347 698 1387 t

68 1408 157 1465 Etiam
169 1409 231 1481 [προ
246 1402 386 1462 detinuire
406 1424 465 1464 tuos
478 1408 581 1465 oculos.

69 1481 172 1540 Scilicet
187 1498 217 1538 ut
228 1478 309 1560 prisca
322 1500 435 1560 corpora
447 1483 569 1541 virorum
581 1483 647 1562 picta
656 1477 754 1541 artifici

69 1560 154 1616 Manu
173 1557 280 1638 fulgent
292 1558 322 1614 in
339 1559 432 1617 velitis
444 1559 583 1619 domibus:

70 1634 110 1693 Sic
123 1635 159 1694 ell
171 1654 249 1715 parva
262 1634 364 1696 tabella
384 1638 411 1697 in
425 1637 515 1716 aliquo
530 1640 606 1709 loco,
625 1657 684 1717 quo

69 1715 203 1794 Exprimat
212 1714 301 1773 varios
315 1715 481 1786 concubitus,
489 1735 541 1795 que
552 1714 648 1805 ligures
658 1710 772 1774 Veneris
783 1735 792 1772 t

71 1794 136 1873 Qut
157 1810 188 1851 ut
201 1792 376 1853 Telamonius
390 1793 463 1853 sedet
486 1789 561 1853 falsus
578 1813 645 1853 tram
658 1793 750 1864 vultu,

71 1868 136 1943 Qut
151 1870 261 1930 barbara
274 1890 359 1931 mater
368 1871 450 1932 habet
471 1871 570 1932 facinus
582 1869 682 1931 oculis:
817 1938 821 1945 ¹

71 1947 112 2004 Sic
124 1953 214 2006 Venus
227 1950 279 2006 uda
300 1948 374 2010 siccat
397 1948 519 2010 madidos
540 1950 648 2030 capillos
674 1944 781 2028 digitis:

72 2028 110 2080 Et
122 2025 205 2082 modo
218 2024 327 2084 videmr
344 2029 411 2086 tedia
420 2030 546 2088 maternis
556 2027 639 2107 aquis.

72 2101 128 2159 Alii
137 2105 232 2158 sonent
246 2102 313 2159 bella
331 2103 454 2163 inllrudla
465 2107 579 2165 cruentis
592 2106 663 2175 telis,

25 2226 30 2237 .
76 2178 145 2259 Qie
158 2197 216 2256 pars
236 2177 305 2236 canit
318 2195 363 2237 tua
384 2177 462 2251 fatta',
482 2202 540 2262 pars
555 2183 593 2239 tui
603 2183 719 2261 generis.

73 2254 172 2313 lnvida
186 2273 280 2313 natura
293 2258 409 2315 coercuit
428 2281 471 2319 nie
491 2262 565 2318 aldio
578 2264 660 2340 spatio
675 2279 684 2328 ;

77 2334 149 2415 Qe
163 2333 238 2393 dedit
251 2334 357 2413 exiguas
366 2337 433 2394 vires
446 2339 567 2419 ingenio.

77 2411 117 2470 Et
138 2428 226 2471 tamen
241 2414 285 2471 ille
307 2412 371 2475 felix
383 2417 471 2475 audior
483 2437 535 2475 tuae
545 2412 678 2473 AEneldos

76 2491 202 2549 Contulit
214 2510 283 2548 arma
295 2495 437 2571 virumque
458 2496 485 2552 in
506 2494 604 2569 Tyrios
615 2508 701 2550 toros.

78 2566 138 2625 Nec
152 2568 203 2625 ullu
216 2588 273 2646 pars
285 2568 319 2627 de
333 2587 396 2627 toto
409 2590 520 2640 corpore
533 2571 613 2649 magis
627 2570 736 2646 legitur,

77 2643 165 2716 Quam
179 2665 254 2703 amor
266 2644 369 2723 jundlus
380 2668 436 2704 non
449 2650 572 2726 legitimo
584 2648 695 2705 l'oedere.

76 2720 128 2776 Hic
155 2722 225 2778 idem
237 2721 341 2799 juvenis
361 2742 422 2782 ante
447 2728 542 2784 luserat
564 2743 671 2782 teneros
685 2723 762 2800 ignes

75 2795 203 2870 Phyllidis
215 2819 266 2875 que
288 2802 466 2875 Amaryllidis,
498 2803 623 2861 bucolicis
649 2801 742 2858 modi‘·

75 2873 201 3007 Quoque
214 2896 263 2932 nos
275 2876 429 2954 jampridem
442 2881 604 2958 peccavimus
616 2876 662 2938 illo
671 2880 789 2956 scriptu

77 2953 120 3007 Cu
132 2970 163 3030 pa
177 2972 233 3009 non
245 2972 316 3010 nova
329 2955 426 3033 patitur
439 2977 540 3015 novum
553 2958 706 3036 supplicium.
924 2967 977 3024 34¹

78 3029 148 3108 Qie
162 3029 293 3097 edideram
307 3032 433 3105 carmina,
452 3056 511 3094 cum
523 3037 681 3114 irrequietus
703 3049 784 3113 eques
972 3104 977 3113 Ι

19 3162 26 3173 ,
78 3106 193 3165 Praeterii
210 3124 237 3164 te
250 3109 330 3169 toties
347 3129 488 3171 notantem
503 3113 608 3173 delicia.
872 3105 977 3187 (juvem

80 3190 156 3324 ffio
178 3204 233 3263 quae
243 3184 338 3265 scripta
354 3207 444 3267 parum
456 3192 567 3269 prudens
581 3190 672 3272 putavi
684 3207 743 3246 non
764 3182 886 3245 nocitura
899 3182 963 3242 mihi

116 3261 342 3345 'ijul'eni'nunc
356 3273 477 3334 nocuere
494 3269 557 3329 seni·
920 3339 937 3399 s
965 3312 969 3319 ·

939 3351 977 3397 Gl'd
