2122 3720
210 102 555 183 LIBERI.

44 240 75 279 ne
95 219 138 278 cui
149 218 244 288 dicam,
267 218 341 299 signis
353 219 444 301 pofitis
460 243 510 302 pro
531 223 640 284 nomine

57 315 108 355 nec
122 317 196 355 tuum
213 292 327 356 officium
343 301 412 358 fallit
436 318 474 358 te.

44 393 112 455 nper
130 392 207 433 erunt
222 372 302 435 infixa
322 377 376 435 imis
396 378 518 438 medullis
540 379 604 437 mihi

44 470 143 531 metatus
154 452 265 512 debitor
278 454 354 532 hujus
365 457 455 517 animi.

54 529 157 609 spiritus
169 531 218 590 ibit
232 533 382 591 tenuandus
398 536 425 593 in
444 552 540 593 vacuas

57 611 84 665 &
102 607 205 684 deseret
225 608 277 668 offa
290 612 317 669 in
331 611 423 690 tepido
436 631 508 691 rogo
528 613 608 692 ptius,

44 686 136 744 ›blivia
159 687 314 746 meritorum
326 686 436 749 subeant
449 691 540 750 nostro
553 707 654 760 animo,

44 765 127 843 pietas
147 764 251 822 excidet
264 767 348 845 longi
362 767 415 829 die.

53 843 140 901 faciles
165 839 228 913 tibi,
246 845 274 900 8(
285 843 404 923 praestent
418 845 557 907 fortunam
572 860 698 927 egentem

44 940 47 976 t
67 921 131 1055 otis,
149 939 202 998 que
214 919 362 980 dissimilem
380 943 453 985 meat.

55 997 73 1056 fi
104 1019 139 1057 ec
151 1000 226 1057 navis
238 1000 355 1058 ferretur
363 1003 447 1062 amico
458 1023 543 1065 vento

44 1075 112 1137 aista
122 1072 189 1134 fides
197 1079 386 1156 ignoraretur.

44 1173 72 1214 tte
87 1174 145 1213 non
159 1171 212 1212 tam
226 1151 337 1215 senlisset
353 1155 457 1222 Thesea
474 1156 597 1230 amicum,

55 1232 135 1291 vivut
152 1230 241 1295 adiffet
255 1230 371 1293 infernas
384 1254 471 1314 aquas.

44 1308 136 1370 oressa
155 1328 207 1369 tuae
217 1310 292 1371 furiae
303 1312 425 1372 fecerunt

44 1408 126 1448 ocaeus
138 1384 213 1447 foret
227 1408 302 1448 exem
321 1390 375 1448 ium
396 1391 454 1449 veri
466 1391 570 1449 amoris.

44 1467 116 1545 yaiut
128 1485 187 1526 non
201 1409 333 1528 cecidiiit
346 1470 376 1526 in
394 1469 513 1529 Rutulos
524 1465 625 1540 hostes,

52 1544 140 1622 gloria
156 1543 230 1604 foret
249 1546 402 1624 Hyrtacidae
426 1545 493 1604 Nili.

58 1639 89 1680 ut
102 1620 207 1680 fulvum
227 1642 318 1682 aurum
331 1623 458 1703 spotiatur
470 1644 500 1683 m
509 1623 627 1704 ignibus,

44 1719 61 1758 a
82 1699 117 1760 est
128 1702 288 1781 inspicienda
300 1704 420 1761 induro
430 1720 559 1783 tempore.

43 1774 141 1837 'ortana
158 1779 232 1859 'Juvat
245 1783 273 1836 &
285 1781 354 1838 ridet
363 1786 458 1839 sereno
476 1782 567 1851 vultu,

44 1886 47 1913 ;
60 1856 205 1936 sequuntur
217 1857 375 1916 indelibatas
388 1877 459 1938 opes.

44 1936 71 1992 ul
91 1934 221 2006 intonuit,
241 1935 350 2014 fugiunt
363 1957 412 1994 nec
424 1932 544 1994 noscitur
561 1930 621 2003 ulli,

44 2011 100 2073 odb
112 2013 209 2071 cintius
222 2031 279 2070 etat
296 2013 446 2092 agminibus
458 2013 593 2072 comitum.

55 2088 110 2149 haec
121 2090 254 2169 quondam
269 2094 378 2152 collem
389 2089 510 2171 exemplis
528 2090 659 2170 priorum,

44 2166 104 2225 sunt
114 2170 219 2246 cognita
233 2188 296 2226 vera
309 2170 375 2228 mihi
392 2169 505 2251 propriis
517 2168 600 2228 malis.
621 2222 624 2231 .

44 2266 74 2305 to
87 2243 178 2304 tte'ite
191 2246 265 2303 amici
279 2246 410 2326 supeoestis
423 2248 458 2307 de
471 2262 514 2306 tot
527 2267 534 2301 :

44 2345 49 2381 t
62 2323 140 2382 turba
151 2323 201 2381 fuit
220 2322 348 2397 fortune,
369 2346 427 2384 non
438 2346 505 2384 mea.

44 2404 121 2479 nagia,
140 2397 160 2457 ὃ
181 2403 256 2481 pauci
277 2403 403 2461 succurite
416 2402 489 2482 lapfis
502 2400 592 2469 rebus,

44 2497 129 2539 etuta
139 2481 231 2541 littora
244 2501 304 2538 meo
314 2480 460 2559 naufragio.
532 2488 538 2511 *

45 2558 174 2639 trepidate
186 2559 293 2616 nimium
307 2560 430 2617 timentes
441 2557 508 2618 falso
521 2571 606 2627 metu,

44 2655 82 2695 eus
93 2630 245 2695 offendatur
265 2640 314 2696 hat
327 2638 433 2716 pietate.

46 2719 111 2795 saepe
123 2713 239 2775 laudavit
261 2714 355 2787 fidem,
378 2717 454 2773 etiam
468 2708 610 2771 inadverfis

65 2813 119 2872 que
140 2811 208 2851 amat
222 2787 331 2851 hanc'in
344 2794 405 2864 suit,
424 2791 558 2872 probatio
571 2788 654 2853 hoste.

44 2873 97 2930 ausa
116 2869 153 2927 est
169 2872 273 2940 melior,
294 2874 343 2929 oui
365 2891 421 2929 non
433 2870 490 2929 fovi
508 2870 640 2931 contraria

44 2969 53 3020 ;
73 2949 117 3008 sed
129 2952 214 3008 merui
224 2948 290 3008 hant
301 2928 390 3029 iugem
410 2948 583 3027 simplicitate.

50 3046 102 3086 oro
126 3028 247 3107 invigiles
260 3046 310 3105 pro
329 3025 422 3086 nostris
445 3025 565 3094 aasabim

47 3102 210 3164 ira'numint's
223 3104 308 3193 potest
326 3106 448 3168 diminui.
531 3127 535 3133 ¹

51 3180 185 3244 defiderit'
197 3184 261 3242 scire
280 3204 372 3242 omnes
392 3202 465 3242 meos
484 3181 554 3240 casus

44 3263 188 3346 plusquam
207 3263 282 3342 quod
292 3262 341 3344 ipsa
352 3281 394 3322 res
414 3261 473 3321 finit
483 3256 552 3321 fieri.
