2108 3712
69 157 117 225 16
337 130 752 221 TRISTIUM.

63 258 141 335 Quid
154 257 172 320 ii
186 260 310 340 cognitus
329 253 392 318 effer
415 256 480 316 mihi
494 256 626 319 duutfflt
639 260 756 321 Romi

67 343 171 399 Ascitur
186 342 268 398 toties
281 339 309 397 in
329 354 412 395 omne
425 354 511 416 genitr
523 334 598 416 jocii

66 418 207 477 Cundant
225 416 348 475 abierunt
371 414 448 472 irrita
460 414 490 471 in
509 432 651 502 aquoreor
663 417 797 477 ventor?

67 496 205 554 Cunditne
218 492 344 552 seruntur
358 491 442 551 mersa
454 490 567 551 Lethaeis
579 492 675 573 aquis?

65 576 130 649 Ego
140 592 197 630 non
211 592 272 631 teor
289 590 317 631 te
330 570 451 651 genitum
462 569 491 628 iu
509 568 609 649 placida
619 569 690 631 urbe
702 571 827 657 Quirini,

66 648 148 707 Urbe
159 669 215 728 quae
234 648 288 728 jam
301 669 358 707 non
380 647 417 707 est
436 646 560 707 adeunda
573 648 728 729 neopede.
774 710 780 717 ,

65 726 117 785 Sed
133 725 243 806 scopulis
266 724 356 785 finistri
370 726 464 797 Ponti,
482 745 551 806 quos
575 724 630 785 huc
643 746 695 788 ora
714 727 811 801 habet,
850 766 856 777 ι

66 803 136 879 Qut,
142 806 171 863 iu
183 804 246 862 seris
258 802 326 884 jugis
340 804 452 883 Scythia
463 802 673 883 Sarmaticisque

65 886 187 940 Etrenoe
205 882 281 941 filicis
307 881 369 940 sunt
392 884 490 942 circuni
508 899 556 941 tua
585 882 711 945 ratordia
722 903 734 955 ;

64 965 103 1019 Et
115 960 233 1039 rigidum
245 961 333 1038 pedus
345 959 427 1019 habet
451 960 549 1019 semina
617 958 635 1017 i.

64 1042 130 1119 Qre
142 1039 235 1095 nutrix
253 1057 310 1115 quae
320 1038 458 1116 quondam
468 1037 548 1097 dedit
561 1036 639 1125 plena
650 1036 735 1099 ubera
753 1036 804 1099 ubi

64 1115 195 1174 Ducenda
214 1132 312 1174 tenero
326 1116 417 1194 palato
437 1117 590 1194 erattigrtr.

67 1197 125 1253 tut
136 1214 194 1252 non
205 1191 313 1273 puttffes
327 1190 413 1251 nostra
425 1194 495 1251 nula
507 1191 595 1251 minus
608 1210 687 1271 quarn
700 1194 798 1269 aliena,

65 1270 129 1347 Que
152 1292 210 1330 non
224 1276 333 1351 agerere
347 1288 408 1330 retu
421 1270 527 1328 duritia
539 1268 612 1329 mihi.

67 1352 120 1409 Sed
141 1350 267 1440 quoniam
277 1350 331 1407 ho<
339 1366 453 1428 quoque
466 1346 569 1407 accedit
582 1344 709 1407 fatalibus
718 1346 835 1421 damnis,

65 1426 109 1483 Ut
122 1446 201 1506 prima
212 1443 335 1506 tempora
358 1442 469 1485 careant
488 1424 537 1485 suit
549 1424 683 1485 nunterirr

64 1502 148 1562 Effice
164 1525 200 1565 ne
215 1502 262 1564 fin
275 1521 380 1562 memor
389 1501 469 1581 hujus
480 1505 592 1584 peccati,
608 1505 679 1563 &ut

65 1581 183 1643 Laudem
202 1575 408 1643 tuumoffitium
427 1580 477 1641 illo
495 1599 557 1655 ore,
576 1600 632 1662 quo
651 1598 765 1663 queror.

308 1841 587 1913 uincta
629 1838 733 1949 v111.¹

67 1986 146 2135 D
163 1991 187 2046 Ε
197 1987 226 2044 Τ
236 1985 267 2044 U
276 1989 302 2044 R
328 1989 378 2049 ribi
402 2007 516 2073 tangere
538 2008 637 2051 metant
663 1988 798 2055 inoffensa
823 1992 875 2055 n‘tu

171 2064 228 2137 Qu
241 2085 302 2123 non
313 2068 450 2127 inimicum
463 2070 539 2130 nobit
553 2070 577 2128 le
598 2073 617 2129 ‘s
629 2069 681 2129 hoc
695 2092 771 2152 opus.

64 2146 158 2219 Atque
171 2144 272 2202 utinam
283 2160 342 2203 mea
351 2163 417 2205 vota
429 2145 534 2227 pudent
547 2166 566 2204 v
594 2167 638 2209 ere
647 2167 698 2269 im
720 2170 761 2225 re,

62 2220 134 2295 Quae
154 2239 212 2282 non
225 2215 340 2302 retigdte
354 2223 435 2285 duros
448 2225 523 2284 Deos
534 2243 581 2304 per
594 2246 636 2285 rue
651 2240 673 2285 .·

63 2294 163 2356 Donec
176 2302 227 2361 erit
243 2302 311 2361 teltx
323 2302 475 2363 numerabis
494 2305 595 2363 mtutos
616 2306 730 2369 amicor:

61 2374 91 2438 Si
112 2391 235 2460 tempora
253 2377 353 2441 fuerint
367 2382 469 2457 nubila,
489 2382 542 2442 erit
564 2380 645 2444 solus.

61 2456 160 2534 Aspicit
172 2474 203 2517 ut
213 2459 341 2520 coltnnba
353 2464 462 2523 veniant
472 2464 506 2522 ad
520 2462 633 2524 candida
650 2466 730 2538 tedia,

62 2531 179 2595 Sordida
197 2539 279 2598 turris
291 2539 397 2620 arripiat
419 2541 503 2601 nullas
515 2560 585 2601 aves.

60 2611 189 2674 Formica
211 2634 344 2697 nunquam
356 2618 474 2678 tendunt
484 2618 517 2676 ad
530 2618 617 2679 inania
628 2620 738 2679 horrea.

62 2684 163 2750 Nullus
177 2695 271 2755 amicus
284 2696 336 2755 ibit
356 2695 390 2753 ad
403 2691 500 2754 amiffat
514 2714 588 2774 oper.

63 2760 164 2845 thue
187 2770 281 2830 umbra
293 2790 381 2832 comer
398 2772 523 2832 euntibus
535 2772 613 2830 radiis
625 2771 704 2841 Solis,

64 2849 137 2908 Cum
153 2843 195 2905 nic
211 2848 277 2906 latet
287 2845 385 2928 preffur
397 2849 524 2921 nubibus,
549 2848 594 2905 illa
606 2845 674 2925 fugit
692 2866 702 2915 3

63 2928 106 2987 Sit
125 2922 228 2983 mobile
240 2928 337 3006 vulgus
359 2926 480 3006 sequitur
498 2924 597 2984 lumina
610 2923 738 2996 innunae,

60 3007 135 3088 Qut
150 3001 217 3074 abit,
236 3002 310 3063 simul
322 3020 451 3083 reguntur
462 3000 570 3064 indutu
582 2999 663 3061 nube.

61 3085 161 3143 Precor
172 3095 204 3139 ut
218 3079 273 3140 haec
284 3077 386 3163 poistnt
407 3084 508 3163 semper
525 3079 612 3141 videri
630 3078 764 3153 saturini,

63 3162 171 3227 Tamen
191 3160 250 3219 funt
261 3158 372 3220 fatenda
384 3179 448 3220 vera
469 3178 532 3220 meu
544 3171 655 3221 eventu.

62 3243 136 3303 Dum
145 3235 270 3311 stetimus,
282 3238 380 3299 domur
395 3238 504 3321 quidem
516 3254 594 3310 nota,
614 3234 660 3297 sed
680 3254 738 3295 non

62 3315 206 3411 Atqbitbi'a
218 3315 333 3407 habebat
356 3334 487 3403 quantum
504 3315 590 3378 turbu
605 3314 669 3377 fitis
682 3310 754 3377 effer.
