2108 3712
66 110 118 183 rr
333 91 736 195 rursrrum

70 217 160 287 Sidae
177 215 263 275 mitius
276 213 393 285 exilium,
413 234 467 294 que
485 215 589 296 propius
611 217 733 295 roganti,

70 296 170 374 Magna
184 314 241 374 pars
254 293 306 351 erit
316 292 406 350 levata
424 293 513 379 enrefi
533 292 624 374 poeni.

69 373 211 452 Perperior
230 372 333 440 ultime,
350 368 482 449 projeetus
495 372 531 443 ,in
545 372 646 430 medios
666 370 771 438 hostes:

68 452 130 512 Nec
142 448 206 530 quis
215 456 274 507 uam
287 449 353 507 exui
363 446 435 506 abest
446 449 552 527 longius
564 447 661 537 patrii.

68 532 148 589 Solus
160 468 247 586 miiuc
265 527 298 585 ad
312 523 425 606 egreffus
440 524 610 661 septemplicis
621 527 691 601 Isin,

67 609 183 667 Premor
196 604 289 685 gelido
302 624 350 662 axe
361 604 456 663 Parrha
467 627 475 661 ι
572 604 577 617 ‘

67 680 196 763 Jazyges‚
216 688 244 741 δι
258 683 365 754 Colchi,
383 701 433 761 que
446 684 565 741 Meterea
577 684 656 741 turba
668 702 722 762 que
731 688 821 758 Getae‚

67 765 123 823 vix
136 761 316 845 prohibentur
329 762 422 819 mediis
443 762 516 838 aquis
535 761 662 821 Danubii.

66 843 138 923 Qec
150 861 211 902 cum
220 841 264 898 alii
276 840 327 897 fine
339 838 424 918 firgati
438 838 489 896 tibi
503 839 632 918 graviore
644 839 736 902 causi:
798 861 802 869 ·

66 919 191 978 Ulterior
201 914 270 976 t'erra
280 916 358 975 datur
377 916 412 975 est
423 916 500 988 nulli,
520 936 597 994 quam
618 917 694 977 mihi.

65 997 145 1077 ΝΜ
159 995 194 1054 est
209 994 314 1073 longius
327 993 387 1066 hic,
404 993 452 1052 m'fi
464 1011 568 1053 tentum
581 994 668 1076 frigus
691 999 720 1057 &
733 993 824 1070 hostis,

69 1068 108 1136 Et*
120 1074 193 1133 unda
206 1075 284 1131 maris
298 1074 418 1151 quncoit
431 1071 535 1132 estristo
547 1076 619 1151 gelu.

65 1155 200 1214 Haeienus
212 1151 376 1213 estRomane
386 1171 444 1230 pars
453 1150 542 1208 sinistri
555 1152 646 1222 Ponti,

67 1229 199 1292 Basternae
213 1250 265 1310 que
278 1237 437 1289 Sauromatae
450 1245 545 1287 tenent
557 1233 683 1308 proxime.

65 1313 130 1371 Haec
145 1307 180 1368 est
192 1308 338 1369 noviffrma.
347 1307 395 1367 sub
404 1307 529 1364 Ausonio
539 1305 608 1385 jure,
628 1325 702 1367 terra

66 1389 131 1522 gui.
142 1388 243 1467 imperii
262 1387 343 1445 heret
354 1386 381 1443 in
405 1386 520 1464 margine
532 1404 585 1463 que
598 1387 654 1445 vix.

99 1464 151 1524 nde
163 1466 268 1543 suppiex
281 1483 387 1542 precor,
406 1480 438 1520 ur
454 1464 557 1541 releges
572 1483 624 1521 nos
636 1466 664 1521 in
677 1480 749 1535 tuta,
768 1507 776 1517 ,

65 1544 113 1602 Ne
125 1562 174 1622 pax
184 1559 290 1620 quoque
303 1540 334 1598 fic
346 1540 466 1618 adempta
480 1541 546 1598 mihi
564 1560 623 1599 cum
636 1541 720 1619 patrii
736 1562 743 1598 :
760 1589 763 1596 .

65 1621 113 1680 Ne
126 1621 229 1679 timeam
245 1635 349 1699 gentes,
398 1636 447 1677 uos
461 1616 544 1675 Isther
558 1637 615 1677 non
632 1620 701 1678 bene
715 1624 882 1679 summovet}

65 1699 165 1759 Nove
178 1714 237 1756 tuus
260 1698 323 1757 civis
336 1639 431 1775 poiiirn
449 1695 505 1775 capi
526 1695 560 1753 ab
574 1696 657 1756 hoste.

65 1783 114 1849 Fer
125 1775 253 1860 prohibet
272 1785 425 1855 quenquam
438 1791 529 1833 natum
543 1774 577 1831 de
592 1777 671 1835 Latio
683 1774 813 1854 sanguine

65 1858 126 1916 rari
148 1854 261 1914 barbara
277 1853 364 1913 vincla
389 1852 534 1913 Caesaribus
547 1852 632 1910 salvis.
795 1906 798 1910 .

65 1937 137 1993 Cum
150 1933 206 1991 duo
220 1933 330 1991 crimina
341 1932 507 2025 perdiderint
521 1936 576 2001 nie,
594 1949 701 1990 carmen
722 1933 750 1987 &
760 1947 854 2000 error,

65 2014 152 2091 Culpa
162 2011 270 2068 alterius
291 2011 351 2070 farn
373 2010 409 2067 est
422 2009 520 2069 filenda
531 2008 603 2068 mihi.

64 2090 138 2147 Nam
148 2091 276 2146 nonium
292 2088 370 2158 tenti,
391 2091 488 2158 Caeser,
508 2105 539 2144 uc
552 2106 680 2147 renovem
694 2102 739 2142 tua
754 2089 880 2156 vulnera,

64 2170 163 2246 Quem
176 2162 315 2231 indoluiffe
327 2164 406 2223 semel
422 2165 457 2224 est
473 2167 529 2245 plus
543 2166 636 2225 nimio.

68 2248 159 2304 Altera
183 2264 241 2324 pars
262 2241 384 2322 superest,
403 2242 456 2321 qia
480 2261 578 2320 arguor
602 2243 674 2324 turpi
685 2242 795 2301 crimine

67 2325 163 2395 Laesus,
185 2324 283 2382 dostor
295 2322 415 2379 oblcoeni
430 2322 565 2380 adulterii.
854 2329 857 2335 '

49 2466 51 2470 ,
67 2408 143 2483 Ergo
157 2402 195 2460 fas
207 2403 255 2477 est3
263 2400 376 2473 coereriio
389 2404 493 2479 peeiom
508 2398 564 2456 falli
578 2397 666 2480 aliqui
678 2425 685 2460 ε

67 2488 104 2540 Et
116 2485 196 2539 muira
208 2484 269 2538 sunt
281 2482 384 2538 minora
400 2479 447 2539 cni
463 2477 566 2537 norisii.

64 2563 140 2645 Qe
152 2577 182 2616 ut
200 2581 257 2616 non
271 2574 347 2629 vacat
360 2557 426 2634 Jovi
437 2558 523 2616 tuenti
539 2560 670 2636 Deosque
684 2555 767 2626 iuml,

69 2640 186 2696 Sublime
207 2639 302 2695 coelum
317 2633 399 2693 aderse
421 2636 521 2714 exiguis
536 2635 627 2692 rebus.

68 2719 110 2773 Sic
123 2717 188 2772 dum
209 2713 379 2789 circumspicis
391 2714 485 2770 orbern
501 2732 532 2768 ex
545 2728 573 2768 te
587 2715 761 2790 pendentem,

67 2792 199 2849 Inferiore
212 2787 345 2868 effugiunt
359 2804 416 2845 tuas
429 2809 510 2847 curae.

68 2868 171 2928 Scilicet
182 2869 302 2945 princeps
315 2865 425 2923 statione
438 2865 539 2941 imperii
552 2861 652 2933 relies,

68 2949 183 3023 Legerer
195 2945 310 3002 carmina
327 2941 399 3005 ,faeie
418 2939 560 3021 imparibus
583 2942 679 3000 modis.

68 3023 138 3081 Non
150 3042 181 3080 ea
194 3023 279 3079 moles
297 3020 411 3080 Romani
434 3020 548 3078 nominis
560 3038 639 3098 urget
654 3040 693 3087 re,

67 3103 131 3184 Qre
144 3118 198 3158 tam
221 3100 282 3155 leve
295 3117 363 3157 onus
376 3095 458 3155 fertur
471 3098 497 3155 in
510 3097 559 3154 tuis
577 3096 693 3157 humeris
707 3122 714 3156 ι

69 3184 113 3240 Ut
135 3175 214 3259 poffis
226 3177 366 3235 advertere
379 3194 478 3234 numen
498 3175 590 3254 ineptis
605 3175 710 3246 hilinus,

56 3238 264 3348 iQre-excutias
275 3252 365 3316 nostre
374 3253 430 3327 otia
443 3254 496 3314 tuis
505 3253 595 3313 oculis.

477 625 498 662 ae
510 607 631 684 virgruis.

427 3481 437 3506 l
