<?xml version="1.0" encoding="UTF-8"?>
<!DOCTYPE html PUBLIC "-//W3C//DTD XHTML 1.0 Transitional//EN"
    "http://www.w3.org/TR/xhtml1/DTD/xhtml1-transitional.dtd">
<html xmlns="http://www.w3.org/1999/xhtml" xml:lang="en" lang="en">
 <head>
  <title>
</title>
<meta http-equiv="Content-Type" content="text/html;charset=utf-8" />
  <meta name='ocr-system' content='tesseract 3.04.00' />
  <meta name='ocr-capabilities' content='ocr_page ocr_carea ocr_par ocr_line ocrx_word'/>
</head>
<body>
  <div class='ocr_page' id='page_1' title='image "./tristiumlibriqu00ovidgoog_0360.png"; bbox 0 0 2108 3712; ppageno 0'>
   <div class='ocr_carea' id='block_1_1' title="bbox 59 141 973 2327">
    <p class='ocr_par' dir='ltr' id='par_1_1' title="bbox 59 141 973 2327">
     <span class='ocr_line' id='line_1_1' title="bbox 59 141 737 278; baseline -0.007 -36"><span class='ocrx_word' id='word_1_1' title='bbox 59 182 110 278; x_wconf 80' lang='lat'>90&#39;</span> <span class='ocrx_word' id='word_1_2' title='bbox 327 158 467 245; x_wconf 68' lang='lat' dir='ltr'>TRI</span> <span class='ocrx_word' id='word_1_3' title='bbox 484 141 737 241; x_wconf 52' lang='lat' dir='ltr'>&amp;TW-M</span> 
     </span>
     <span class='ocr_line' id='line_1_2' title="bbox 65 282 733 367; baseline -0.025 -8"><span class='ocrx_word' id='word_1_4' title='bbox 65 297 121 359; x_wconf 80' lang='lat' dir='ltr'>Ille</span> <span class='ocrx_word' id='word_1_5' title='bbox 132 294 208 357; x_wconf 86' lang='lat' dir='ltr'>dedit</span> <span class='ocrx_word' id='word_1_6' title='bbox 219 290 313 361; x_wconf 78' lang='lat' dir='ltr'>vitem,</span> <span class='ocrx_word' id='word_1_7' title='bbox 334 303 367 349; x_wconf 83' lang='lat' dir='ltr'>tu</span> <span class='ocrx_word' id='word_1_8' title='bbox 380 288 477 361; x_wconf 83' lang='lat' dir='ltr'>rueris,</span> <span class='ocrx_word' id='word_1_9' title='bbox 493 304 570 367; x_wconf 79' lang='lat' dir='ltr'>quem</span> <span class='ocrx_word' id='word_1_10' title='bbox 581 285 630 347; x_wconf 90' lang='lat' dir='ltr'>ille</span> <span class='ocrx_word' id='word_1_11' title='bbox 641 282 733 356; x_wconf 83' lang='lat' dir='ltr'>dedit,</span> 
     </span>
     <span class='ocr_line' id='line_1_3' title="bbox 67 366 595 452; baseline -0.019 -18"><span class='ocrx_word' id='word_1_12' title='bbox 67 384 105 439; x_wconf 82' lang='lat' dir='ltr'>Et</span> <span class='ocrx_word' id='word_1_13' title='bbox 128 374 188 434; x_wconf 78' lang='lat' dir='ltr'>facie</span> <span class='ocrx_word' id='word_1_14' title='bbox 199 368 267 452; x_wconf 81' lang='lat' dir='ltr'>poffe</span> <span class='ocrx_word' id='word_1_15' title='bbox 278 366 333 427; x_wconf 84' lang='lat' dir='ltr'>frui</span> <span class='ocrx_word' id='word_1_16' title='bbox 352 384 464 427; x_wconf 84' lang='lat' dir='ltr'>munere</span> <span class='ocrx_word' id='word_1_17' title='bbox 476 380 595 447; x_wconf 77' lang='lat' dir='ltr'>accepto.</span> 
     </span>
     <span class='ocr_line' id='line_1_4' title="bbox 67 438 965 585; baseline -0.009 -70"><span class='ocrx_word' id='word_1_18' title='bbox 67 442 260 520; x_wconf 77' lang='lat' dir='ltr'>cummaxime</span> <span class='ocrx_word' id='word_1_19' title='bbox 278 464 340 585; x_wconf 58' lang='lat' dir='ltr'>Here</span> <span class='ocrx_word' id='word_1_20' title='bbox 351 444 526 527; x_wconf 82' lang='lat' dir='ltr'>perhorreret</span> <span class='ocrx_word' id='word_1_21' title='bbox 537 438 738 515; x_wconf 77' lang='lat' dir='ltr'>nostroscesru,</span> <span class='ocrx_word' id='word_1_22' title='bbox 935 458 965 519; x_wconf 83' lang='lat'>15</span> 
     </span>
     <span class='ocr_line' id='line_1_5' title="bbox 68 518 590 611; baseline -0.021 -16"><span class='ocrx_word' id='word_1_23' title='bbox 68 536 157 595; x_wconf 83' lang='lat' dir='ltr'>Etiam</span> <span class='ocrx_word' id='word_1_24' title='bbox 174 547 231 611; x_wconf 81' lang='lat' dir='ltr'>prm</span> <span class='ocrx_word' id='word_1_25' title='bbox 242 545 277 586; x_wconf 86' lang='lat' dir='ltr'>ve</span> <span class='ocrx_word' id='word_1_26' title='bbox 291 528 311 586; x_wconf 87' lang='lat' dir='ltr'>&#39;t</span> <span class='ocrx_word' id='word_1_27' title='bbox 329 525 404 587; x_wconf 87' lang='lat' dir='ltr'>credi</span> <span class='ocrx_word' id='word_1_28' title='bbox 457 518 590 584; x_wconf 79' lang='lat' dir='ltr'>rtimuiss&#39;e.</span> 
     </span>
     <span class='ocr_line' id='line_1_6' title="bbox 66 598 786 691; baseline -0.017 -21"><span class='ocrx_word' id='word_1_29' title='bbox 66 614 156 691; x_wconf 78' lang='lat' dir='ltr'>Qes</span> <span class='ocrx_word' id='word_1_30' title='bbox 183 608 259 667; x_wconf 69' lang='lat' dir='ltr'>&amp;erit</span> <span class='ocrx_word' id='word_1_31' title='bbox 270 620 404 665; x_wconf 79' lang='lat' dir='ltr'>meumna</span> <span class='ocrx_word' id='word_1_32' title='bbox 431 602 533 684; x_wconf 80' lang='lat' dir='ltr'>&#39;a&#39;girrm</span> <span class='ocrx_word' id='word_1_33' title='bbox 545 600 579 660; x_wconf 85' lang='lat' dir='ltr'>ab</span> <span class='ocrx_word' id='word_1_34' title='bbox 593 600 649 659; x_wconf 79' lang='lat' dir='ltr'>alto</span> <span class='ocrx_word' id='word_1_35' title='bbox 668 598 786 672; x_wconf 84' lang='lat' dir='ltr'>tunnrio,</span> 
     </span>
     <span class='ocr_line' id='line_1_7' title="bbox 67 675 723 761; baseline -0.018 -12"><span class='ocrx_word' id='word_1_36' title='bbox 67 690 129 748; x_wconf 82' lang='lat' dir='ltr'>Nec</span> <span class='ocrx_word' id='word_1_37' title='bbox 162 685 250 745; x_wconf 88' lang='lat' dir='ltr'>ederit</span> <span class='ocrx_word' id='word_1_38' title='bbox 263 704 371 744; x_wconf 83' lang='lat' dir='ltr'>manum</span> <span class='ocrx_word' id='word_1_39' title='bbox 389 682 467 742; x_wconf 79' lang='lat' dir='ltr'>nenti</span> <span class='ocrx_word' id='word_1_40' title='bbox 484 698 532 761; x_wconf 82' lang='lat' dir='ltr'>per</span> <span class='ocrx_word' id='word_1_41' title='bbox 542 682 611 739; x_wconf 61' lang='lat' dir='ltr'>&amp;va</span> <span class='ocrx_word' id='word_1_42' title='bbox 630 675 723 744; x_wconf 77' lang='lat' dir='ltr'>freta:</span> 
     </span>
     <span class='ocr_line' id='line_1_8' title="bbox 68 755 731 840; baseline -0.015 -12"><span class='ocrx_word' id='word_1_43' title='bbox 68 768 148 828; x_wconf 85' lang='lat' dir='ltr'>Solus</span> <span class='ocrx_word' id='word_1_44' title='bbox 166 762 293 824; x_wconf 84' lang='lat' dir='ltr'>revocasti</span> <span class='ocrx_word' id='word_1_45' title='bbox 307 760 460 840; x_wconf 81' lang='lat' dir='ltr'>seminecem</span> <span class='ocrx_word' id='word_1_46' title='bbox 480 758 549 819; x_wconf 80' lang='lat' dir='ltr'>abs</span> <span class='ocrx_word' id='word_1_47' title='bbox 581 755 626 837; x_wconf 66' lang='lat' dir='ltr'>gin</span> <span class='ocrx_word' id='word_1_48' title='bbox 643 756 731 832; x_wconf 74' lang='lat' dir='ltr'>undi,</span> 
     </span>
     <span class='ocr_line' id='line_1_9' title="bbox 100 834 973 922; baseline 0.001 -20"><span class='ocrx_word' id='word_1_49' title='bbox 100 863 187 922; x_wconf 81' lang='lat' dir='ltr'>noque</span> <span class='ocrx_word' id='word_1_50' title='bbox 201 842 253 900; x_wconf 82' lang='lat' dir='ltr'>hoc</span> <span class='ocrx_word' id='word_1_51' title='bbox 266 836 302 899; x_wconf 87' lang='lat' dir='ltr'>est</span> <span class='ocrx_word' id='word_1_52' title='bbox 320 856 406 911; x_wconf 84' lang='lat' dir='ltr'>tuum,</span> <span class='ocrx_word' id='word_1_53' title='bbox 428 836 502 919; x_wconf 87' lang='lat' dir='ltr'>quod</span> <span class='ocrx_word' id='word_1_54' title='bbox 514 855 551 918; x_wconf 83' lang='lat' dir='ltr'>pn</span> <span class='ocrx_word' id='word_1_55' title='bbox 615 854 646 895; x_wconf 77' lang='lat' dir='ltr'>us</span> <span class='ocrx_word' id='word_1_56' title='bbox 657 834 706 897; x_wconf 81' lang='lat' dir='ltr'>effe</span> <span class='ocrx_word' id='word_1_57' title='bbox 719 856 860 901; x_wconf 69' lang='lat' dir='ltr'>memoret.</span> <span class='ocrx_word' id='word_1_58' title='bbox 934 854 973 903; x_wconf 65' lang='grc' dir='ltr'>ιο</span> 
     </span>
     <span class='ocr_line' id='line_1_10' title="bbox 70 914 770 997; baseline -0.016 -14"><span class='ocrx_word' id='word_1_59' title='bbox 70 926 109 983; x_wconf 87' lang='lat' dir='ltr'>Dr</span> <span class='ocrx_word' id='word_1_60' title='bbox 119 943 178 983; x_wconf 82' lang='lat' dir='ltr'>cum</span> <span class='ocrx_word' id='word_1_61' title='bbox 189 918 291 981; x_wconf 67' lang='lat' dir='ltr'>casare</span> <span class='ocrx_word' id='word_1_62' title='bbox 302 917 423 978; x_wconf 80' lang='lat' dir='ltr'>tribuent</span> <span class='ocrx_word' id='word_1_63' title='bbox 442 916 469 976; x_wconf 89' lang='lat' dir='ltr'>se</span> <span class='ocrx_word' id='word_1_64' title='bbox 483 915 586 997; x_wconf 83' lang='lat' dir='ltr'>semper</span> <span class='ocrx_word' id='word_1_65' title='bbox 593 914 690 975; x_wconf 72' lang='lat' dir='ltr'>amicos</span> <span class='ocrx_word' id='word_1_66' title='bbox 700 914 752 977; x_wconf 86' lang='lat' dir='ltr'>tibi</span> <span class='ocrx_word' id='word_1_67' title='bbox 762 935 770 972; x_wconf 77' lang='lat' dir='ltr'>e</span> 
     </span>
     <span class='ocr_line' id='line_1_11' title="bbox 69 991 647 1075; baseline -0.01 -16"><span class='ocrx_word' id='word_1_68' title='bbox 69 1003 165 1059; x_wconf 89' lang='lat' dir='ltr'>Meum</span> <span class='ocrx_word' id='word_1_69' title='bbox 177 1012 274 1057; x_wconf 86' lang='lat' dir='ltr'>votum</span> <span class='ocrx_word' id='word_1_70' title='bbox 288 1016 344 1056; x_wconf 90' lang='lat' dir='ltr'>non</span> <span class='ocrx_word' id='word_1_71' title='bbox 401 994 458 1054; x_wconf 82' lang='lat' dir='ltr'>tuit·</span> <span class='ocrx_word' id='word_1_72' title='bbox 468 993 516 1055; x_wconf 78' lang='lat' dir='ltr'>effe</span> <span class='ocrx_word' id='word_1_73' title='bbox 536 991 647 1075; x_wconf 77' lang='lat' dir='ltr'>plenius.</span> 
     </span>
     <span class='ocr_line' id='line_1_12' title="bbox 69 1015 594 1152; baseline -0.008 -17"><span class='ocrx_word' id='word_1_74' title='bbox 69 1082 149 1135; x_wconf 85' lang='lat' dir='ltr'>Meus</span> <span class='ocrx_word' id='word_1_75' title='bbox 162 1076 230 1135; x_wconf 89' lang='lat' dir='ltr'>liber</span> <span class='ocrx_word' id='word_1_76' title='bbox 246 1090 357 1152; x_wconf 87' lang='lat' dir='ltr'>poneret</span> <span class='ocrx_word' id='word_1_77' title='bbox 363 1015 421 1133; x_wconf 49' lang='lat' dir='ltr'>{gc</span> <span class='ocrx_word' id='word_1_78' title='bbox 435 1072 552 1134; x_wconf 81' lang='lat' dir='ltr'>videnda</span> <span class='ocrx_word' id='word_1_79' title='bbox 563 1072 594 1133; x_wconf 86' lang='lat' dir='ltr'>iu</span> 
     </span>
     <span class='ocr_line' id='line_1_13' title="bbox 71 1150 679 1233; baseline -0.003 -20"><span class='ocrx_word' id='word_1_80' title='bbox 71 1156 159 1213; x_wconf 85' lang='lat' dir='ltr'>Multa</span> <span class='ocrx_word' id='word_1_81' title='bbox 174 1156 232 1213; x_wconf 80' lang='lat' dir='ltr'>luce</span> <span class='ocrx_word' id='word_1_82' title='bbox 241 1154 342 1232; x_wconf 81' lang='lat' dir='ltr'>argutis</span> <span class='ocrx_word' id='word_1_83' title='bbox 355 1153 441 1225; x_wconf 82' lang='lat' dir='ltr'>libris,</span> <span class='ocrx_word' id='word_1_84' title='bbox 469 1150 488 1212; x_wconf 87' lang='lat' dir='ltr'>sr</span> <span class='ocrx_word' id='word_1_85' title='bbox 500 1170 531 1210; x_wconf 89' lang='lat' dir='ltr'>tu</span> <span class='ocrx_word' id='word_1_86' title='bbox 542 1150 679 1233; x_wconf 77' lang='lat' dir='ltr'>peteretis.</span> 
     </span>
     <span class='ocr_line' id='line_1_14' title="bbox 71 1227 971 1324; baseline -0.003 -33"><span class='ocrx_word' id='word_1_87' title='bbox 71 1235 154 1291; x_wconf 84' lang='lat' dir='ltr'>Nune</span> <span class='ocrx_word' id='word_1_88' title='bbox 176 1253 230 1324; x_wconf 81' lang='lat' dir='ltr'>quo</span> <span class='ocrx_word' id='word_1_89' title='bbox 251 1249 284 1288; x_wconf 89' lang='lat' dir='ltr'>ue</span> <span class='ocrx_word' id='word_1_90' title='bbox 302 1245 360 1291; x_wconf 83' lang='lat' dir='ltr'>mea</span> <span class='ocrx_word' id='word_1_91' title='bbox 371 1228 442 1291; x_wconf 79' lang='lat' dir='ltr'>muse</span> <span class='ocrx_word' id='word_1_92' title='bbox 451 1232 497 1289; x_wconf 70' lang='lat' dir='ltr'>vir</span> <span class='ocrx_word' id='word_1_93' title='bbox 520 1246 597 1291; x_wconf 88' lang='lat' dir='ltr'>tenet</span> <span class='ocrx_word' id='word_1_94' title='bbox 609 1227 648 1301; x_wconf 85' lang='lat' dir='ltr'>se,</span> <span class='ocrx_word' id='word_1_95' title='bbox 664 1230 784 1311; x_wconf 68' lang='lat' dir='ltr'>quanvis</span> <span class='ocrx_word' id='word_1_96' title='bbox 937 1252 971 1317; x_wconf 78' lang='lat'>²5</span> 
     </span>
     <span class='ocr_line' id='line_1_15' title="bbox 71 1252 811 1390; baseline 0.001 -19"><span class='ocrx_word' id='word_1_97' title='bbox 71 1311 132 1389; x_wconf 77' lang='lat' dir='ltr'>Janr</span> <span class='ocrx_word' id='word_1_98' title='bbox 141 1310 176 1371; x_wconf 86' lang='lat' dir='ltr'>est</span> <span class='ocrx_word' id='word_1_99' title='bbox 189 1252 250 1390; x_wconf 52' lang='lat' dir='ltr'>Juig</span> <span class='ocrx_word' id='word_1_100' title='bbox 265 1311 407 1389; x_wconf 84' lang='lat' dir='ltr'>quiescere,</span> <span class='ocrx_word' id='word_1_101' title='bbox 427 1310 492 1390; x_wconf 89' lang='lat' dir='ltr'>quin</span> <span class='ocrx_word' id='word_1_102' title='bbox 504 1312 626 1369; x_wconf 83' lang='lat' dir='ltr'>nominet</span> <span class='ocrx_word' id='word_1_103' title='bbox 637 1324 667 1366; x_wconf 88' lang='lat' dir='ltr'>te</span> <span class='ocrx_word' id='word_1_104' title='bbox 680 1310 811 1372; x_wconf 82' lang='lat' dir='ltr'>invitum.</span> 
     </span>
     <span class='ocr_line' id='line_1_16' title="bbox 71 1386 857 1473; baseline 0 -26"><span class='ocrx_word' id='word_1_105' title='bbox 71 1392 134 1473; x_wconf 79' lang='lat' dir='ltr'>Que</span> <span class='ocrx_word' id='word_1_106' title='bbox 147 1407 176 1446; x_wconf 92' lang='lat' dir='ltr'>ut</span> <span class='ocrx_word' id='word_1_107' title='bbox 187 1393 252 1448; x_wconf 89' lang='lat' dir='ltr'>dura</span> <span class='ocrx_word' id='word_1_108' title='bbox 263 1391 355 1466; x_wconf 85' lang='lat' dir='ltr'>copula</span> <span class='ocrx_word' id='word_1_109' title='bbox 365 1386 544 1459; x_wconf 64' lang='lat' dir='ltr'>firnirarenet</span> <span class='ocrx_word' id='word_1_110' title='bbox 554 1406 646 1447; x_wconf 78' lang='lat' dir='ltr'>cenem</span> <span class='ocrx_word' id='word_1_111' title='bbox 853 1402 857 1407; x_wconf 86' lang='lat'>·</span> 
     </span>
     <span class='ocr_line' id='line_1_17' title="bbox 72 1463 688 1527; baseline -0.003 -2"><span class='ocrx_word' id='word_1_112' title='bbox 72 1467 340 1527; x_wconf 68' lang='lat' dir='ltr'>urinantemnarum</span> <span class='ocrx_word' id='word_1_113' title='bbox 363 1464 426 1525; x_wconf 76' lang='lat' dir='ltr'>vesti</span> <span class='ocrx_word' id='word_1_114' title='bbox 447 1466 471 1524; x_wconf 86' lang='lat' dir='ltr'>ia</span> <span class='ocrx_word' id='word_1_115' title='bbox 494 1463 688 1525; x_wconf 64' lang='lat' dir='ltr'>&#39;avidaecerve</span> 
     </span>
     <span class='ocr_line' id='line_1_18' title="bbox 72 1484 672 1623; baseline 0.002 -23"><span class='ocrx_word' id='word_1_116' title='bbox 72 1549 137 1622; x_wconf 80' lang='lat' dir='ltr'>Que</span> <span class='ocrx_word' id='word_1_117' title='bbox 151 1563 182 1602; x_wconf 90' lang='lat' dir='ltr'>ur</span> <span class='ocrx_word' id='word_1_118' title='bbox 191 1563 251 1603; x_wconf 86' lang='lat' dir='ltr'>acer</span> <span class='ocrx_word' id='word_1_119' title='bbox 267 1564 347 1623; x_wconf 89' lang='lat' dir='ltr'>equus</span> <span class='ocrx_word' id='word_1_120' title='bbox 360 1547 400 1602; x_wconf 85' lang='lat' dir='ltr'>lac</span> <span class='ocrx_word' id='word_1_121' title='bbox 449 1559 461 1602; x_wconf 92' lang='lat' dir='ltr'>t</span> <span class='ocrx_word' id='word_1_122' title='bbox 474 1484 548 1602; x_wconf 54' lang='lat' dir='ltr'>rinos</span> <span class='ocrx_word' id='word_1_123' title='bbox 561 1542 672 1602; x_wconf 57' lang='lat' dir='ltr'>certeris</span> 
     </span>
     <span class='ocr_line' id='line_1_19' title="bbox 71 1616 972 1702; baseline 0.006 -25"><span class='ocrx_word' id='word_1_124' title='bbox 71 1622 202 1680; x_wconf 87' lang='lat' dir='ltr'>Nondum</span> <span class='ocrx_word' id='word_1_125' title='bbox 216 1621 335 1692; x_wconf 70' lang='lat' dir='ltr'>reserati,</span> <span class='ocrx_word' id='word_1_126' title='bbox 355 1642 427 1679; x_wconf 87' lang='lat' dir='ltr'>nunc</span> <span class='ocrx_word' id='word_1_127' title='bbox 440 1620 518 1701; x_wconf 82' lang='lat' dir='ltr'>pede,</span> <span class='ocrx_word' id='word_1_128' title='bbox 530 1640 600 1679; x_wconf 86' lang='lat' dir='ltr'>nunc</span> <span class='ocrx_word' id='word_1_129' title='bbox 611 1618 664 1701; x_wconf 77' lang='lat' dir='ltr'>iperi</span> <span class='ocrx_word' id='word_1_130' title='bbox 678 1616 783 1685; x_wconf 80' lang='lat' dir='ltr'>fronte.</span> <span class='ocrx_word' id='word_1_131' title='bbox 940 1644 972 1702; x_wconf 74' lang='lat'>3⁰</span> 
     </span>
     <span class='ocr_line' id='line_1_20' title="bbox 70 1698 799 1780; baseline 0.007 -23"><span class='ocrx_word' id='word_1_132' title='bbox 70 1701 111 1758; x_wconf 84' lang='lat' dir='ltr'>Sic</span> <span class='ocrx_word' id='word_1_133' title='bbox 122 1721 179 1759; x_wconf 85' lang='lat' dir='ltr'>mea</span> <span class='ocrx_word' id='word_1_134' title='bbox 192 1700 300 1771; x_wconf 69' lang='lat' dir='ltr'>Thalia,</span> <span class='ocrx_word' id='word_1_135' title='bbox 321 1702 382 1779; x_wconf 87' lang='lat' dir='ltr'>lege</span> <span class='ocrx_word' id='word_1_136' title='bbox 394 1698 468 1771; x_wconf 81' lang='lat' dir='ltr'>dara,</span> <span class='ocrx_word' id='word_1_137' title='bbox 487 1698 578 1761; x_wconf 65' lang='lat' dir='ltr'>vinda</span> <span class='ocrx_word' id='word_1_138' title='bbox 597 1716 675 1780; x_wconf 81' lang='lat' dir='ltr'>etque</span> <span class='ocrx_word' id='word_1_139' title='bbox 687 1700 799 1762; x_wconf 79' lang='lat' dir='ltr'>incluse·</span> 
     </span>
     <span class='ocr_line' id='line_1_21' title="bbox 72 1775 618 1860; baseline 0.004 -23"><span class='ocrx_word' id='word_1_140' title='bbox 72 1779 153 1857; x_wconf 84' lang='lat' dir='ltr'>Cupit</span> <span class='ocrx_word' id='word_1_141' title='bbox 163 1781 200 1838; x_wconf 89' lang='lat' dir='ltr'>ire</span> <span class='ocrx_word' id='word_1_142' title='bbox 213 1798 260 1860; x_wconf 85' lang='lat' dir='ltr'>per</span> <span class='ocrx_word' id='word_1_143' title='bbox 281 1778 387 1837; x_wconf 75' lang='lat' dir='ltr'>titulum</span> <span class='ocrx_word' id='word_1_144' title='bbox 400 1778 477 1836; x_wconf 84' lang='lat' dir='ltr'>vetiti</span> <span class='ocrx_word' id='word_1_145' title='bbox 496 1775 618 1839; x_wconf 76' lang='lat' dir='ltr'>nominis.</span> 
     </span>
     <span class='ocr_line' id='line_1_22' title="bbox 71 1851 691 1933; baseline 0.008 -18"><span class='ocrx_word' id='word_1_146' title='bbox 71 1856 178 1915; x_wconf 84' lang='lat' dir='ltr'>Tamen</span> <span class='ocrx_word' id='word_1_147' title='bbox 192 1878 225 1914; x_wconf 90' lang='lat' dir='ltr'>ne</span> <span class='ocrx_word' id='word_1_148' title='bbox 244 1856 346 1915; x_wconf 74' lang='lat' dir='ltr'>laedaris</span> <span class='ocrx_word' id='word_1_149' title='bbox 358 1851 451 1916; x_wconf 84' lang='lat' dir='ltr'>officio</span> <span class='ocrx_word' id='word_1_150' title='bbox 465 1858 591 1918; x_wconf 87' lang='lat' dir='ltr'>memoris</span> <span class='ocrx_word' id='word_1_151' title='bbox 604 1858 691 1933; x_wconf 85' lang='lat' dir='ltr'>amici,</span> 
     </span>
     <span class='ocr_line' id='line_1_23' title="bbox 72 1933 573 2015; baseline 0.006 -23"><span class='ocrx_word' id='word_1_152' title='bbox 72 1934 176 1994; x_wconf 81' lang='lat' dir='ltr'>Parebo</span> <span class='ocrx_word' id='word_1_153' title='bbox 197 1933 246 1993; x_wconf 81' lang='lat' dir='ltr'>tuis</span> <span class='ocrx_word' id='word_1_154' title='bbox 265 1933 350 2013; x_wconf 81' lang='lat' dir='ltr'>juffis,</span> <span class='ocrx_word' id='word_1_155' title='bbox 369 1954 446 2015; x_wconf 76' lang='lat' dir='ltr'>parce</span> <span class='ocrx_word' id='word_1_156' title='bbox 471 1936 573 1995; x_wconf 83' lang='lat' dir='ltr'>timere.</span> 
     </span>
     <span class='ocr_line' id='line_1_24' title="bbox 73 2008 968 2095; baseline 0.004 -27"><span class='ocrx_word' id='word_1_157' title='bbox 73 2014 111 2069; x_wconf 80' lang='lat' dir='ltr'>At</span> <span class='ocrx_word' id='word_1_158' title='bbox 126 2034 182 2070; x_wconf 82' lang='lat' dir='ltr'>non</span> <span class='ocrx_word' id='word_1_159' title='bbox 192 2014 320 2091; x_wconf 81' lang='lat' dir='ltr'>parerem,</span> <span class='ocrx_word' id='word_1_160' title='bbox 341 2012 472 2092; x_wconf 81' lang='lat' dir='ltr'>fipurares</span> <span class='ocrx_word' id='word_1_161' title='bbox 485 2032 541 2071; x_wconf 90' lang='lat' dir='ltr'>non</span> <span class='ocrx_word' id='word_1_162' title='bbox 559 2008 720 2072; x_wconf 73' lang='lat' dir='ltr'>meminisse:</span> <span class='ocrx_word' id='word_1_163' title='bbox 938 2032 968 2095; x_wconf 78' lang='lat'>35</span> 
     </span>
     <span class='ocr_line' id='line_1_25' title="bbox 71 2089 956 2171; baseline 0.008 -25"><span class='ocrx_word' id='word_1_164' title='bbox 71 2095 129 2148; x_wconf 85' lang='lat' dir='ltr'>Ero</span> <span class='ocrx_word' id='word_1_165' title='bbox 140 2109 240 2168; x_wconf 74' lang='lat' dir='ltr'>gratus,</span> <span class='ocrx_word' id='word_1_166' title='bbox 260 2089 313 2147; x_wconf 83' lang='lat' dir='ltr'>hoc</span> <span class='ocrx_word' id='word_1_167' title='bbox 327 2092 401 2168; x_wconf 87' lang='lat' dir='ltr'>quod</span> <span class='ocrx_word' id='word_1_168' title='bbox 414 2110 457 2150; x_wconf 80' lang='lat' dir='ltr'>tue</span> <span class='ocrx_word' id='word_1_169' title='bbox 470 2109 526 2150; x_wconf 86' lang='lat' dir='ltr'>vox</span> <span class='ocrx_word' id='word_1_170' title='bbox 538 2110 594 2150; x_wconf 87' lang='lat' dir='ltr'>non</span> <span class='ocrx_word' id='word_1_171' title='bbox 605 2092 738 2171; x_wconf 77' lang='lat' dir='ltr'>prohibet.</span> <span class='ocrx_word' id='word_1_172' title='bbox 953 2092 956 2097; x_wconf 75' lang='grc'><strong>’</strong></span> 
     </span>
     <span class='ocr_line' id='line_1_26' title="bbox 70 2167 820 2248; baseline 0.011 -24"><span class='ocrx_word' id='word_1_173' title='bbox 70 2170 140 2247; x_wconf 81' lang='lat' dir='ltr'>Qre</span> <span class='ocrx_word' id='word_1_174' title='bbox 150 2169 213 2227; x_wconf 89' lang='lat' dir='ltr'>dum</span> <span class='ocrx_word' id='word_1_175' title='bbox 223 2167 323 2226; x_wconf 77' lang='lat' dir='ltr'>ridebo</span> <span class='ocrx_word' id='word_1_176' title='bbox 336 2170 418 2229; x_wconf 81' lang='lat' dir='ltr'>vitale</span> <span class='ocrx_word' id='word_1_177' title='bbox 429 2172 521 2229; x_wconf 85' lang='lat' dir='ltr'>lumen</span> <span class='ocrx_word' id='word_1_178' title='bbox 531 2170 621 2248; x_wconf 86' lang='lat' dir='ltr'>(quod</span> <span class='ocrx_word' id='word_1_179' title='bbox 637 2168 658 2228; x_wconf 82' lang='grc' dir='ltr'><strong>ὃ</strong></span> <span class='ocrx_word' id='word_1_180' title='bbox 672 2169 704 2229; x_wconf 80' lang='lat' dir='ltr'>fit</span> <span class='ocrx_word' id='word_1_181' title='bbox 721 2173 820 2247; x_wconf 72' lang='lat' dir='ltr'>Breve)</span> 
     </span>
     <span class='ocr_line' id='line_1_27' title="bbox 71 2244 556 2327; baseline 0.006 -25"><span class='ocrx_word' id='word_1_182' title='bbox 71 2244 122 2304; x_wconf 80' lang='lat' dir='ltr'>Iste</span> <span class='ocrx_word' id='word_1_183' title='bbox 142 2248 239 2327; x_wconf 79' lang='lat' dir='ltr'>spiritns</span> <span class='ocrx_word' id='word_1_184' title='bbox 258 2245 356 2306; x_wconf 84' lang='lat' dir='ltr'>serviet</span> <span class='ocrx_word' id='word_1_185' title='bbox 380 2265 430 2308; x_wconf 93' lang='lat' dir='ltr'>tuo</span> <span class='ocrx_word' id='word_1_186' title='bbox 454 2244 556 2307; x_wconf 84' lang='lat' dir='ltr'>officio.</span> 
     </span>
    </p>
   </div>
   <div class='ocr_carea' id='block_1_2' title="bbox 365 2498 677 2563">
    <p class='ocr_par' dir='ltr' id='par_1_2' title="bbox 365 2498 677 2563">
     <span class='ocr_line' id='line_1_28' title="bbox 365 2498 677 2563; baseline 0.003 -5"><span class='ocrx_word' id='word_1_187' title='bbox 365 2500 600 2563; x_wconf 77' lang='lat' dir='ltr'><strong><em>ELEGIA</em></strong></span> <span class='ocrx_word' id='word_1_188' title='bbox 639 2498 677 2559; x_wconf 89' lang='lat' dir='ltr'>X.</span> 
     </span>
    </p>
   </div>
   <div class='ocr_carea' id='block_1_3' title="bbox 69 2638 856 3338">
    <p class='ocr_par' dir='ltr' id='par_1_3' title="bbox 69 2638 856 3338">
     <span class='ocr_line' id='line_1_29' title="bbox 164 2638 856 2722; baseline 0.009 -27"><span class='ocrx_word' id='word_1_189' title='bbox 164 2639 191 2695; x_wconf 90' lang='lat' dir='ltr'>T</span> <span class='ocrx_word' id='word_1_190' title='bbox 203 2638 323 2697; x_wconf 82' lang='lat' dir='ltr'>sumusin</span> <span class='ocrx_word' id='word_1_191' title='bbox 347 2640 447 2710; x_wconf 89' lang='lat' dir='ltr'>Ponto,</span> <span class='ocrx_word' id='word_1_192' title='bbox 469 2638 534 2698; x_wconf 84' lang='lat' dir='ltr'>Isser</span> <span class='ocrx_word' id='word_1_193' title='bbox 546 2638 665 2700; x_wconf 81' lang='lat' dir='ltr'>constitit</span> <span class='ocrx_word' id='word_1_194' title='bbox 685 2659 727 2702; x_wconf 87' lang='lat' dir='ltr'>ter</span> <span class='ocrx_word' id='word_1_195' title='bbox 738 2641 856 2722; x_wconf 79' lang='lat' dir='ltr'>frigore:</span> 
     </span>
     <span class='ocr_line' id='line_1_30' title="bbox 181 2716 740 2782; baseline 0.02 -11"><span class='ocrx_word' id='word_1_196' title='bbox 181 2717 262 2773; x_wconf 80' lang='lat' dir='ltr'>Unda</span> <span class='ocrx_word' id='word_1_197' title='bbox 285 2718 380 2774; x_wconf 81' lang='lat' dir='ltr'>Euxini</span> <span class='ocrx_word' id='word_1_198' title='bbox 393 2718 468 2775; x_wconf 80' lang='lat' dir='ltr'>marie</span> <span class='ocrx_word' id='word_1_199' title='bbox 481 2736 522 2775; x_wconf 89' lang='lat' dir='ltr'>rer</span> <span class='ocrx_word' id='word_1_200' title='bbox 535 2716 601 2776; x_wconf 72' lang='lat' dir='ltr'>fana</span> <span class='ocrx_word' id='word_1_201' title='bbox 614 2717 650 2776; x_wconf 83' lang='lat' dir='ltr'>est</span> <span class='ocrx_word' id='word_1_202' title='bbox 663 2720 740 2782; x_wconf 82' lang='lat' dir='ltr'>dura.</span> 
     </span>
     <span class='ocr_line' id='line_1_31' title="bbox 69 2790 807 2873; baseline 0.019 -28"><span class='ocrx_word' id='word_1_203' title='bbox 69 2791 109 2846; x_wconf 78' lang='lat' dir='ltr'>At</span> <span class='ocrx_word' id='word_1_204' title='bbox 121 2793 171 2867; x_wconf 73' lang='lat' dir='ltr'>jam</span> <span class='ocrx_word' id='word_1_205' title='bbox 185 2793 281 2851; x_wconf 82' lang='lat' dir='ltr'>videor</span> <span class='ocrx_word' id='word_1_206' title='bbox 294 2794 358 2850; x_wconf 85' lang='lat' dir='ltr'>mihi</span> <span class='ocrx_word' id='word_1_207' title='bbox 371 2790 420 2850; x_wconf 80' lang='lat' dir='ltr'>effe</span> <span class='ocrx_word' id='word_1_208' title='bbox 433 2796 524 2873; x_wconf 84' lang='lat' dir='ltr'>procul</span> <span class='ocrx_word' id='word_1_209' title='bbox 538 2792 633 2871; x_wconf 71' lang='lat' dir='ltr'>patrii,</span> <span class='ocrx_word' id='word_1_210' title='bbox 656 2816 701 2857; x_wconf 88' lang='lat' dir='ltr'>tot</span> <span class='ocrx_word' id='word_1_211' title='bbox 715 2800 807 2872; x_wconf 79' lang='lat' dir='ltr'>annis,</span> 
     </span>
     <span class='ocr_line' id='line_1_32' title="bbox 70 2867 694 2949; baseline 0.021 -29"><span class='ocrx_word' id='word_1_212' title='bbox 70 2867 150 2939; x_wconf 86' lang='lat' dir='ltr'>Quot</span> <span class='ocrx_word' id='word_1_213' title='bbox 163 2870 287 2926; x_wconf 86' lang='lat' dir='ltr'>Dardana</span> <span class='ocrx_word' id='word_1_214' title='bbox 301 2870 387 2949; x_wconf 78' lang='lat' dir='ltr'>Troja</span> <span class='ocrx_word' id='word_1_215' title='bbox 397 2870 446 2928; x_wconf 80' lang='lat' dir='ltr'>fuit</span> <span class='ocrx_word' id='word_1_216' title='bbox 457 2870 504 2927; x_wconf 88' lang='lat' dir='ltr'>sub</span> <span class='ocrx_word' id='word_1_217' title='bbox 513 2871 598 2947; x_wconf 76' lang='lat' dir='ltr'>Grejo</span> <span class='ocrx_word' id='word_1_218' title='bbox 612 2874 694 2935; x_wconf 84' lang='lat' dir='ltr'>hosse.</span> 
     </span>
     <span class='ocr_line' id='line_1_33' title="bbox 69 2944 726 3026; baseline 0.017 -23"><span class='ocrx_word' id='word_1_219' title='bbox 69 2948 149 3003; x_wconf 82' lang='lat' dir='ltr'>Putes</span> <span class='ocrx_word' id='word_1_220' title='bbox 161 2963 279 3025; x_wconf 80' lang='lat' dir='ltr'>tempora</span> <span class='ocrx_word' id='word_1_221' title='bbox 292 2944 368 3019; x_wconf 76' lang='lat' dir='ltr'>flare,</span> <span class='ocrx_word' id='word_1_222' title='bbox 387 2948 535 3026; x_wconf 85' lang='lat' dir='ltr'>procedunt</span> <span class='ocrx_word' id='word_1_223' title='bbox 556 2949 625 3010; x_wconf 85' lang='lat' dir='ltr'>adeo</span> <span class='ocrx_word' id='word_1_224' title='bbox 638 2954 726 3026; x_wconf 64' lang='lat' dir='ltr'>tardi,</span> 
     </span>
     <span class='ocr_line' id='line_1_34' title="bbox 69 3024 611 3104; baseline 0.013 -26"><span class='ocrx_word' id='word_1_225' title='bbox 69 3027 107 3079; x_wconf 85' lang='lat' dir='ltr'>Et</span> <span class='ocrx_word' id='word_1_226' title='bbox 120 3042 202 3080; x_wconf 84' lang='lat' dir='ltr'>annus</span> <span class='ocrx_word' id='word_1_227' title='bbox 222 3026 323 3104; x_wconf 83' lang='lat' dir='ltr'>peragit</span> <span class='ocrx_word' id='word_1_228' title='bbox 335 3026 388 3085; x_wconf 83' lang='lat' dir='ltr'>iter</span> <span class='ocrx_word' id='word_1_229' title='bbox 399 3026 477 3089; x_wconf 82' lang='lat' dir='ltr'>lentis</span> <span class='ocrx_word' id='word_1_230' title='bbox 487 3024 611 3104; x_wconf 75' lang='lat' dir='ltr'>passibus.</span> 
     </span>
     <span class='ocr_line' id='line_1_35' title="bbox 69 3097 802 3187; baseline 0.019 -30"><span class='ocrx_word' id='word_1_231' title='bbox 69 3100 130 3159; x_wconf 88' lang='lat' dir='ltr'>Nec</span> <span class='ocrx_word' id='word_1_232' title='bbox 151 3097 285 3159; x_wconf 79' lang='lat' dir='ltr'>solstitium</span> <span class='ocrx_word' id='word_1_233' title='bbox 296 3104 384 3161; x_wconf 81' lang='lat' dir='ltr'>aufert</span> <span class='ocrx_word' id='word_1_234' title='bbox 399 3106 539 3182; x_wconf 80' lang='lat' dir='ltr'>quicquam</span> <span class='ocrx_word' id='word_1_235' title='bbox 551 3105 716 3173; x_wconf 71' lang='lat' dir='ltr'>renonibus</span> <span class='ocrx_word' id='word_1_236' title='bbox 726 3110 802 3187; x_wconf 77' lang='lat' dir='ltr'>milri,</span> 
     </span>
     <span class='ocr_line' id='line_1_36' title="bbox 69 3178 630 3261; baseline 0.012 -24"><span class='ocrx_word' id='word_1_237' title='bbox 69 3178 131 3237; x_wconf 86' lang='lat' dir='ltr'>Nec</span> <span class='ocrx_word' id='word_1_238' title='bbox 145 3178 238 3237; x_wconf 85' lang='lat' dir='ltr'>bruma</span> <span class='ocrx_word' id='word_1_239' title='bbox 251 3178 332 3238; x_wconf 86' lang='lat' dir='ltr'>efficit</span> <span class='ocrx_word' id='word_1_240' title='bbox 347 3183 404 3241; x_wconf 85' lang='lat' dir='ltr'>dies</span> <span class='ocrx_word' id='word_1_241' title='bbox 420 3181 545 3261; x_wconf 77' lang='lat' dir='ltr'>angustos</span> <span class='ocrx_word' id='word_1_242' title='bbox 558 3185 630 3244; x_wconf 84' lang='lat' dir='ltr'>mihi.</span> 
     </span>
     <span class='ocr_line' id='line_1_37' title="bbox 70 3258 684 3338; baseline 0.005 -20"><span class='ocrx_word' id='word_1_243' title='bbox 70 3258 171 3318; x_wconf 82' lang='lat' dir='ltr'>Scilicet</span> <span class='ocrx_word' id='word_1_244' title='bbox 182 3274 277 3315; x_wconf 76' lang='lat' dir='ltr'>natura</span> <span class='ocrx_word' id='word_1_245' title='bbox 290 3277 379 3317; x_wconf 86' lang='lat' dir='ltr'>rerum</span> <span class='ocrx_word' id='word_1_246' title='bbox 393 3278 493 3319; x_wconf 82' lang='lat' dir='ltr'>novata</span> <span class='ocrx_word' id='word_1_247' title='bbox 506 3260 541 3321; x_wconf 83' lang='lat' dir='ltr'>est</span> <span class='ocrx_word' id='word_1_248' title='bbox 553 3263 684 3338; x_wconf 26' lang='lat' dir='ltr'>iri-nobis,</span> 
     </span>
    </p>
   </div>
   <div class='ocr_carea' id='block_1_4' title="bbox 49 3335 664 3427">
    <p class='ocr_par' dir='ltr' id='par_1_4' title="bbox 49 3335 664 3427">
     <span class='ocr_line' id='line_1_38' title="bbox 49 3335 664 3427; baseline 0.011 -29"><span class='ocrx_word' id='word_1_249' title='bbox 49 3336 134 3427; x_wconf 67' lang='grc' dir='ltr'>Ἰ(ζιιε</span> <span class='ocrx_word' id='word_1_250' title='bbox 144 3335 205 3423; x_wconf 58' lang='lat' dir='ltr'>reci}</span> <span class='ocrx_word' id='word_1_251' title='bbox 222 3337 312 3399; x_wconf 75' lang='lat' dir='ltr'>omna</span> <span class='ocrx_word' id='word_1_252' title='bbox 327 3336 411 3420; x_wconf 80' lang='lat' dir='ltr'>longe</span> <span class='ocrx_word' id='word_1_253' title='bbox 423 3358 484 3401; x_wconf 84' lang='lat' dir='ltr'>cum</span> <span class='ocrx_word' id='word_1_254' title='bbox 504 3340 567 3403; x_wconf 79' lang='lat' dir='ltr'>meis</span> <span class='ocrx_word' id='word_1_255' title='bbox 589 3342 664 3426; x_wconf 67' lang='lat' dir='ltr'>euris·</span> 
     </span>
    </p>
   </div>
   <div class='ocr_carea' id='block_1_5' title="bbox 0 0 1067 3712">
    <p class='ocr_par' dir='ltr' id='par_1_5' title="bbox 0 0 1067 3712">
     <span class='ocr_line' id='line_1_39' title="bbox 0 0 1067 3712; baseline 0 0"><span class='ocrx_word' id='word_1_256' title='bbox 0 0 1067 3712; x_wconf 95' lang='lat' dir='ltr'> </span> 
     </span>
    </p>
   </div>
  </div>
 </body>
</html>
