2108 3712
57 177 107 245 44
328 126 741 231 TRISTIUM
831 160 855 201 ·.
918 120 975 225 ,i

60 261 124 331 Que
140 276 229 317 recens
248 253 348 334 praellas
361 256 388 314 id
402 255 464 313 mihi
478 257 587 331 misero,
600 274 649 314 nec
660 253 793 335 cognitus
804 250 887 333 longo
915 284 919 289 ·

62 339 133 408 Usu,
153 335 226 414 quod
240 334 291 391 vix·
306 335 362 392 duo
377 339 464 394 tresve
476 352 606 391 veterum.
863 342 867 347 '
921 338 952 385 10

61 422 124 494 Ego
138 413 193 472 vrdi
208 412 443 482 conlirfosrultus
476 430 528 488 que
542 412 634 470 notavi
655 411 739 482 visos,
949 424 952 429 ’

59 496 130 574 Qie
141 512 171 549 os
185 490 292 547 madens
304 486 382 561 ffecu,
402 510 454 567 que
466 489 585 568 pallidius
597 510 658 547 meo
670 512 679 548 e

60 578 98 630 Et
109 588 219 628 cerneus
230 569 355 644 lacrymas
378 569 502 626 cadentes
512 567 539 624 in
562 567 664 647 singula
675 566 773 640 rerba,

62 650 126 707 Bibi
136 651 261 724 lacrymas
274 668 334 706 meo
349 666 407 715 ore,
427 646 471 702 illa
487 646 601 705 auribus.

60 726 123 800 Qus
138 727 243 783 brachia
263 723 504 804 accepipendentia
517 723 601 803 preffo
610 723 698 797 collo,

62 813 99 865 Et
109 805 195 862 oscula
210 800 280 860 inilia
295 804 439 860 finoulraris
459 805 540 859 sonis.
637 848 640 853 .

59 886 193 1018 (εζιιοέυο,
213 885 296 1015 Carpos,
308 847 400 1017 laliseos
421 898 476 968 epm
490 875 614 969 defensus
627 878 680 937 tuis
691 876 791 939 viribus
804 896 813 935 τ

81 980 117 1019 crs
155 978 228 1016 arum
249 978 263 1016 e
284 980 299 1016 c
319 980 369 1018 oco
385 977 444 1015 verr
455 977 577 1028 nominis,

61 1037 124 1111 Que
138 1038 263 1116 practerea
273 1056 354 1095 terreo
364 1038 447 1095 multa
460 1033 531 1114 ligna
542 1033 669 1094 manifelli

63 1112 186 1184 favoris,
203 1136 260 1172 non
271 1115 373 1173 abitura
394 1114 458 1173 meis
479 1112 636 1191 pedoribus.
885 1154 888 1159 ·

63 1194 112 1252 Dii
129 1192 251 1251 tribuant
272 1189 399 1273 tibipolle
418 1194 514 1268 semper
525 1189 670 1249 defendere
682 1206 758 1263 tuos²

62 1275 144 1351 Quos
161 1270 234 1350 juves
246 1271 272 1328 isi
295 1269 459 1350 prosperiore
482 1266 600 1330 marerid.
846 1286 849 1291 '

63 1350 168 1409 'lamen
184 1346 287 1405 interca*
299 1349 429 1427 liqueris,
450 1346 515 1425 quid
537 1364 589 1424 ego
618 1343 720 1407 erditus

63 1429 148 1505 Agam
162 1428 188 1484 in
206 1427 244 1483 his
260 1428 314 1483 oris
329 1426 414 1502 (sluod
432 1424 554 1483 credibile
574 1364 617 1484 eli
623 1442 652 1483 te
663 1430 794 1505 quaerere)

63 1504 171 1561 Trahor
190 1502 286 1583 exigual
301 1504 352 1582 ipe,
365 1522 445 1583 quam
465 1519 495 1560 tu
507 1502 563 1561 noli
582 1503 691 1563 demere
699 1504 774 1580 mihi,

63 1581 161 1641 Trillia
173 1586 279 1639 numina
302 1583 353 1639 Dei
367 1577 436 1663 polle
450 1579 536 1640 leniri.
806 1634 812 1641 .

64 1661 116 1717 Seu
129 1664 236 1739 expeclo
250 1657 362 1731 tenrerd,
381 1658 433 1718 five
452 1658 494 1725 fas
508 1656 545 1716 est
563 1658 615 1718 hoc
628 1658 799 1739 contingere,

65 1739 164 1797 Precor
186 1757 216 1796 tu
235 1738 317 1818 proba
337 1737 375 1798 fas
387 1736 437 1796 elle
455 1738 533 1811 mihi,
552 1739 628 1819 quod
649 1741 736 1828 cupio.

64 1819 134 1899 Qe
147 1837 205 1895 quae
220 1815 339 1876 facundia
350 1818 447 1898 linguae
456 1816 492 1875 est
506 1817 557 1878 tibi
566 1814 661 1875 rorifer
679 1838 708 1876 ιιι
719 1817 801 1890 illud,

65 1895 108 1953 Ut
120 1896 214 1953 doceas
234 1917 321 1954 meum
345 1913 441 1955 votum
464 1893 534 1975 polle
556 1895 657 1954 valere.

65 1973 131 2047 Quo
142 1974 246 2050 quisine
260 1970 403 2051 elimaior,
421 1970 456 2031 est
472 1976 555 2055 magis
573 1972 706 2052 placabilis
724 1973 796 2036 iraee

63 2054 100 2107 Et
112 2053 241 2128 generosa
255 2070 328 2108 mens
340 2053 407 2129 capit
418 2050 504 2111 faciles
516 2069 615 2111 motuis.

64 2125 107 2185 Eli
117 2128 176 2186 litis
191 2128 361 2206 magnanimo
378 2130 451 2186 leoni
466 2127 599 2208 prollralle
610 2149 741 2211 corpora:

62 2207 115 2266 Sua
144 2225 215 2287 ugna
226 2206 304 2265 habet
318 2200 411 2275 finem,
432 2226 491 2265 cum
501 2207 582 2267 hostis
593 2207 669 2286 jacet.

62 2286 101 2344 At
123 2226 198 2365 irpus
212 2287 239 2343 dc
250 2302 340 2371 turpes
349 2282 399 2342 urfi
408 2283 504 2345 inllant
513 2286 700 2361 morientibus,

62 2368 98 2423 Et
111 2384 272 2444 quacunque
284 2366 337 2423 lera
350 2361 385 2422 est
409 2365 498 2425 minor
520 2364 675 2426 nobilitare.

63 2444 145 2521 Qud
164 2442 287 2501 habemus
300 2441 380 2517 majus
394 2443 496 2504 Achille
516 2444 583 2534 apud
595 2442 730 2524 Trojaml

62 2522 116 2580 Ille
125 2541 182 2579 non
194 2523 257 2579 tulit
270 2522 396 2596 lacrymas
417 2522 548 2581 Dardanii
561 2522 637 2581 senis.

61 2598 131 2674 Qiae
147 2598 228 2657 fuerit
239 2600 378 2657 clementia
392 2600 509 2671 Emathii
520 2601 603 2673 ducis,
624 2600 707 2661 Porus
742 2624 745 2630 ·

63 2678 133 2754 Que
145 2678 264 2756 exequiae
273 2678 389 2754 praeclari
400 2675 497 2737 funeris
509 2678 621 2738 docent.

61 2755 143 2812 Neve
155 2752 267 2811 referam
279 2756 327 2811 iras
341 2754 479 2813 hominurn
494 2754 574 2815 flexas
583 2757 617 2816 ad
627 2755 733 2819 mitius:

62 2831 106 2892 Est
119 2848 202 2910 gener
213 2830 338 2909 Junorris‚
367 2834 412 2909 qui
432 2852 489 2892 erat
502 2832 583 2893 hollis
595 2832 687 2917 pridsa
806 2884 810 2889 .

62 2912 186 2985 Denique
202 2928 259 2966 non
270 2904 371 2985 pollum
383 2907 483 2990 sperare
493 2912 592 2972 nullam
605 2914 728 2987 salutem,

63 2991 133 3047 Cum
142 2989 214 3043 causa
234 3004 298 3043 meae
310 3006 393 3066 poenae
407 3009 466 3047 non
479 2988 512 3050 fit
530 3008 649 3051 cruenta.

62 3064 287 3151 NonCaesareurrr
311 3083 400 3145 caput,
425 3069 497 3147 quod
524 3086 580 3129 eret
601 3084 678 3151 caput
696 3067 783 3147 orbis,

62 3145 179 3202 Peritum
192 3142 228 3198 est
245 3138 308 3198 mihi
329 3148 458 3220 querenti
466 3142 618 3227 pell'undare
631 3148 733 3211 cunfra.

61 3223 129 3280 Non
146 3219 199 3279 dixi
208 3218 316 3298 aliquid,
335 3239 390 3300 que
402 3225 493 3307 lingua
503 3227 593 3285 locuta
609 3225 645 3288 est
658 3226 792 3303 violenta,

57 3298 221 3392 §depredans
240 3295 325 3386 rerba
336 3296 483 3387 lapla'sunc
493 3302 582 3389 plinio
600 3321 688 3364 mos.
872 3368 993 3426 ww

398 3428 402 3433 .
991 3401 998 3434 l
