2108 3712
69 124 119 221 ur
315 115 734 199 rrrsrnrrr.

71 234 222 303 Utreneri
244 234 306 297 auri
323 237 437 296 redeirre
460 234 561 298 nostris
570 238 711 300 volatibus

73 317 225 395 Aspicerem
238 313 348 394 repenti
358 314 437 373 dulce
452 315 538 375 solum
550 317 642 397 patrie
656 337 664 374 τ

73 393 140 469 Que
152 393 354 483 vultusdeserta
371 392 479 466 domur,
497 414 550 475 que
563 414 694 484 mentum
715 394 833 471 monn,

72 474 672 636 &1131Prffissrrpssfffss‘iirz‘ssssrffirr
683 553 768 625 von,

73 632 204 699 Quenorr
225 629 280 687 ulla
290 628 346 688 dier
360 627 467 708 fertque
477 627 599 710 feretque
611 628 684 691 tibir

74 709 102 767 Si
113 706 259 787 optandum
274 706 310 765 est
323 709 402 767 semel
414 707 497 767 adora
510 727 609 767 numen
627 706 751 791 Augusti,

72 792 111 845 Et
131 784 183 846 riti:
194 804 304 863 precare
320 787 410 843 Deum
421 804 499 865 quem
510 785 612 847 senfiiii.

71 866 126 924 {lie
138 863 222 943 potest
234 864 340 921 tradere
353 868 504 943 pennasque
518 867 657 1003 curruque

74 941 164 1001 Tibi:
186 942 234 998 der
248 940 373 1012 reditum,
394 943 515 1021 protinus
530 943 582 1001 eris
602 959 666 1002 aer.

73 1022 104 1081 Si
116 1037 210 1100 precor
225 1018 278 1077 baec
298 1020 385 1092 (enim
407 1040 494 1099 neque
514 1019 614 1099 possum
627 1023 729 1156 iiim
744 1021 861 1105 majora)

73 1098 172 1156 Timeo
185 1114 218 1154 ne
231 1116 289 1155 mea
301 1095 427 1155 votafinr
441 1118 530 1176 parum
548 1100 628 1158 mode
665 1141 674 1161 .
858 1140 863 1147 -

72 1175 195 1236 Forsitan
220 1176 355 1255 rogandus
368 1176 416 1234 erit
430 1175 482 1235 hoc
501 1176 567 1235 olim
583 1177 697 1239 solliciti

72 1257 181 1324 Mente,
202 1271 335 1313 tuncrum
349 1252 401 1332 jam
413 1254 546 1314 satiaverit
558 1257 634 1316 iram.

71 1332 182 1392 Interea
201 1333 277 1412 quod
299 1333 384 1390 minus
396 1330 443 1405 est,
464 1329 542 1391 instar
552 1336 631 1417 ampli
641 1338 755 1398 muneris
777 1335 843 1399 mihi

72 1412 172 1488 Jubear
183 1432 224 1469 me
233 1411 272 1469 ire
284 1412 408 1491 quolibet
419 1431 452 1472 ex
465 1412 507 1472 hir
519 1414 592 1473 iocis.

71 1492 132 1549 Nec
145 1491 253 1559 coelum,
274 1509 324 1547 ner
336 1509 419 1567 aque,
437 1510 486 1548 nec
497 1506 584 1563 terrae,
605 1512 655 1551 nec
668 1512 737 1553 aurae
748 1492 852 1558 feriunt
867 1519 876 1556 ε

71 1570 126 1626 Hei
144 1567 207 1625 mihi
222 1583 359 1647 perpetuus
371 1569 487 1645 languor
506 1568 587 1628 habet
597 1574 724 1651 corpora!

71 1647 124 1706 Seu
146 1647 269 1724 contagia
288 1664 364 1723 aegrae
386 1647 484 1704 mentis
497 1648 594 1707 vitiant
607 1666 691 1729 artur,

72 1725 135 1784 Sive
148 1723 221 1782 causa
236 1725 297 1783 maii
315 1722 378 1782 mihi
395 1720 470 1781 estin
482 1727 604 1805 regione.

68 1803 112 1862 Ut
123 1802 199 1882 tetigi
213 1805 331 1861 Pontum
344 1800 471 1861 insomnia
485 1820 583 1863 vexant
605 1821 660 1875 me,
678 1822 731 1884 que
741 1806 787 1866 vix

67 1883 170 1945 Macies
183 1884 253 1962 tegit
273 1881 336 1954 ossa,
354 1881 489 1940 nectibus
510 1881 588 1961 juvat
608 1902 666 1942 ora.

68 1960 135 2035 Que
155 1962 231 2020 color
248 1962 294 2040 qui
309 1959 343 2018 eii
365 1961 392 2020 in
405 1958 480 2021 foliis
490 1959 614 2040 percuffir
626 1964 714 2040 primo

67 2040 179 2118 Frigore
198 2057 246 2117 per
269 2057 435 2110 autumnum,
454 2060 511 2120 quae
523 2060 594 2099 nova
605 2040 696 2117 hyems
709 2037 784 2111 lesit,
935 2060 966 2120 30

64 2119 94 2175 Is
106 2133 180 2175 tenet
190 2135 248 2173 mea
261 2118 395 2176 membra:
418 2140 468 2178 nec
478 2119 583 2177 alleror
597 2119 659 2177 ullis
671 2114 803 2191 verfibur,

67 2197 128 2255 Nec
138 2195 212 2253 causa
227 2196 333 2272 queruli
346 2196 447 2254 doloris
460 2216 574 2277 unquam
585 2196 664 2258 abest.

66 2274 127 2335 Nec
136 2274 215 2331 valeo
229 2273 319 2330 melius
332 2289 434 2344 mente,
454 2292 533 2349 quarn
550 2294 683 2356 corpore:
705 2272 750 2335 sed
762 2288 880 2357 utraque
992 2296 997 2331 r

65 2351 128 2415 Pars
148 2350 221 2431 requi
234 2369 298 2429 agra
310 2347 356 2423 est,
374 2370 425 2430 que
437 2350 497 2410 fero
510 2353 569 2412 bina
584 2352 692 2413 damno.

66 2437 103 2492 Et
120 2433 208 2491 forma
230 2449 292 2487 meae
304 2434 429 2489 Forrurae
449 2430 531 2490 astanr
540 2432 656 2491 videnda
935 2452 964 2513 35

64 2512 157 2571 Haeret
171 2526 234 2567 ante
254 2510 347 2568 oculos
359 2510 441 2568 veluti
457 2510 591 2589 spestabile
611 2531 717 2591 corpus.

8 2590 11 2595 '
63 2590 196 2666 Querum
214 2588 346 2647 cernimur
358 2588 444 2659 locos,
465 2609 519 2669 que
538 2608 625 2651 morer
637 2589 785 2658 hominum,
803 2606 858 2667 que
873 2590 983 2667 rultur,.

62 2669 126 2744 Que
140 2667 246 2736 sonum,
263 2667 290 2721 &
303 2666 372 2723 subit
386 2666 451 2745 quid
474 2666 530 2738 fim,
549 2689 601 2749 que
618 2669 684 2748 quid
709 2665 824 2736 fuerim

61 2746 107 2807 Est
129 2763 217 2804 tantus
232 2762 308 2800 arnor
334 2747 415 2815 necis,
437 2762 467 2801 ut
480 2766 574 2817 querar
587 2747 623 2805 de
644 2744 685 2808 iri
701 2744 820 2817 cautu,

60 2823 154 2907 Quod
173 2842 231 2879 non
243 2819 361 2880 vindicet
376 2820 435 2880 suas
448 2818 559 2883 offensas
581 2826 651 2882 ense.
910 2886 913 2891 ,
929 2845 968 2905 ⁴0

61 2906 101 2959 Ar
121 2902 247 2980 quoniam
270 2900 349 2956 semel
366 2900 424 2956 usus
437 2897 474 2957 eri
490 2902 556 2963 odio
574 2903 707 2975 civiliter,

61 2980 101 3043 Sit
117 2974 205 3037 nostra
223 2975 287 3056 fuga
309 2974 394 3038 ievior
406 2977 469 3041 loco
492 2996 605 3045 mutato.

716 3216 966 3291 ELEGM
