2108 3712
17 9 699 43 ᾖ·-

65 128 107 176 12
320 81 731 166 TRISTIUM.

61 209 147 272 Pullus
161 213 216 270 sum
229 225 275 270 tot
296 210 375 282 mala,
395 224 462 286 quot
476 207 559 267 sidera
569 208 660 266 lucent
674 210 704 266 in
720 206 815 269 aethere

61 296 129 448 ‘lii
140 286 769 443 illnlss‘lllllillzlllnfflffin·

64 447 198 504 Habitura
211 443 292 502 iidem
303 459 399 515 ratam,
428 444 551 521 quamvis
560 441 719 502 acciderint.

65 527 152 583 Etiam
164 540 273 600 oportet
286 520 404 599 quaedtm
421 540 479 600 part
498 520 626 579 moriatur
635 540 754 595 mecum,

66 601 130 676 Que
139 602 219 659 velim
230 595 311 681 pollit
326 601 382 678 tegi
392 618 434 656 me
446 596 634 657 diffimulante.

67 684 96 739 Si
109 679 233 758 infragilis
246 697 312 748 vox,
342 682 370 735 &
382 679 479 754 spedus
499 673 598 735 firmius
609 694 661 734 aere

67 756 129 831 Qte
143 757 221 835 plura
235 775 281 815 ora
295 754 485 833 cumpluribus
498 753 592 833 linguis
613 753 706 813 forent
720 755 785 814 mihi
800 775 810 827 3

68 837 179 894 Tamen
193 853 249 892 non
270 834 373 891 idcirco
392 833 581 911 complecterer
597 831 685 892 omitia
696 833 788 893 verbis
802 852 813 905 3

69 913 184 971 Materia
207 910 378 990 exsuperante
398 928 468 966 meas
488 909 564 968 vites.

69 991 150 1050 Doni
173 1004 257 1067 poetae
269 987 373 1047 scribite
394 983 483 1045 nostra
502 986 567 1045 mala
584 1005 634 1078 pro
654 986 722 1047 duce

70 1067 178 1127 Neritio
190 1085 199 1135 ;
219 1088 279 1125 nam
291 1065 342 1139 tuli
355 1064 430 1143 plura
446 1064 513 1123 mala
525 1065 648 1124 Neritio.

69 1147 121 1205 Ille
140 1147 240 1203 erravit
257 1140 352 1202 brevio
372 1144 452 1222 spatio
465 1144 495 1200 in
519 1143 610 1202 multis
620 1144 707 1216 annis,
797 1198 799 1203 .

70 1227 149 1281 Inter
168 1222 368 1311 Dulichiusque
381 1221 470 1280 Iliaca's
483 1220 597 1279 domos:

71 1305 117 1358 Ira
128 1299 236 1359 Caesaris
246 1299 344 1359 detulit
364 1318 415 1357 not
430 1297 534 1357 mensos
547 1296 616 1359 freta
630 1297 750 1361 distantia

72 1379 158 1438 Totis
176 1376 300 1436 sideribus
312 1376 340 1435 in
354 1378 464 1434 Geticos
488 1374 567 1436 finus.

71 1457 125 1515 llle
150 1455 241 1513 habuit
254 1451 336 1512 iidem
347 1473 465 1524 manum,
485 1474 536 1532 que
547 1453 639 1514 fideles
651 1454 735 1516 sotios
747 1475 755 1512 :

71 1535 132 1592 Mei
141 1533 253 1591 comites
265 1533 437 1590 deseruerunt
452 1550 493 1587 me
503 1531 662 1611 profitgum.

71 1611 123 1669 Ille
145 1609 219 1666 laetus
239 1627 291 1688 que
313 1609 397 1667 vision
408 1609 515 1688 petebat
534 1611 605 1669 suam
615 1612 728 1691 patriam

71 1693 95 1747 E
115 1685 224 1747 ovieius
246 1689 305 1746 exul
320 1682 378 1766 siagi
398 1706 413 1743 a
434 1684 530 1765 patriai.

104 1785 134 1825 ec
142 1764 294 1824 Dulichium
307 1762 343 1823 est
354 1764 450 1824 domus
461 1764 528 1824 mihi
540 1783 589 1823 nec
601 1764 759 1838 Ithace-ve,
778 1766 815 1828 Su

73 1837 167 1902 Abeile
186 1842 283 1921 quibus
296 1843 363 1903 locis
376 1863 434 1904 non
451 1844 488 1902 ell
499 1842 607 1923 grandis
621 1864 698 1925 paena

71 1920 126 1981 Sed
138 1924 235 1992 Roma,
254 1923 329 1981 locus
341 1921 440 2000 imperii
454 1941 506 2001 que
517 1924 617 1992 Deum,

72 2005 143 2083 Qut
152 1997 320 2078 circumspicit
335 2017 423 2060 totum
444 1998 539 2060 orbem
552 1999 587 2058 de
600 2003 696 2138 septem
717 1996 815 2058 montil

71 2078 176 2136 Durum
191 2096 298 2154 corpus,
318 2095 377 2136 erat
396 2079 497 2156 illique
509 2077 611 2157 patient
636 2080 750 2138 abutum
770 2096 776 2133 :

74 2151 204 2232 Invalidae
216 2155 288 2212 vires
300 2174 350 2233 que
362 2155 483 2233 ingenuan
492 2155 564 2214 milti.

72 2234 123 2293 Ille
146 2248 204 2289 etat
217 2230 316 2295 alstdul:
330 2232 442 2310 agitatus
459 2233 488 2289 in
510 2236 582 2294 stetis
597 2232 697 2293 armis:

44 2336 52 2353 ι
74 2312 133 2392 Ipse
146 2308 190 2371 sui
203 2308 313 2369 assuetus
323 2309 450 2370 mollibus
460 2308 557 2371 studiis.

73 2382 148 2451 De‘us
159 2386 287 2469 oppressit
299 2409 352 2457 me,
373 2390 450 2448 nullo
462 2391 570 2448 levante
584 2387 755 2459 nossramala
770 2408 777 2442 :

74 2470 206 2530 Bellatrlx
218 2467 282 2526 diva
295 2466 396 2527 ferebat
412 2487 489 2548 opem
499 2469 547 2529 illi.
696 2466 700 2474 ⁴

72 2553 143 2610 Cum
163 2567 197 2608 ue
207 2548 251 2624 qui
264 2563 357 2625 regnat
374 2549 401 2605 in
420 2547 527 2606 tumidis
538 2548 616 2606 undis
626 2547 656 2606 lit
676 2546 768 2605 minor·
780 2544 815 2624 Jo

72 2629 117 2685 Ita
128 2572 253 2708 lieptuni
267 2626 363 2703 premit
375 2626 460 2696 illum,
481 2626 558 2704 Jovis
578 2645 630 2687 me.

73 2705 154 2763 Adde
163 2702 236 2783 quod
246 2704 357 2760 maxima
368 2721 424 2782 pars
443 2703 562 2761 laborum
575 2704 648 2763 illius
660 2700 695 2759 est
708 2695 782 2761 fitia:

74 2783 159 2840 Nulla
172 2779 261 2839 fabula
273 2782 380 2858 ponitur
391 2782 418 2836 in
432 2779 527 2837 nostris
541 2781 623 2837 malie.

73 2860 181 2918 Tamen
190 2860 235 2916 ille
248 2856 362 2936 denique
372 2857 460 2935 tetigit
468 2855 588 2934 quaesitos
597 2872 724 2934 penates:

75 2937 181 2994 Tamen
199 2935 316 3012 contigit
339 2952 404 2990 arva
424 2954 483 3013 quae
506 2934 552 2991 diu
565 2934 652 3012 petiit.

75 3017 114 3072 At
128 3013 267 3074 carendum
281 3010 316 3069 ell
329 3010 396 3069 m'ilti
408 3028 537 3091 perpetuo
549 3011 633 3092 patriai
645 3012 753 3085 tellure,

75 3091 114 3151 Ni
132 3092 171 3151 ita
181 3088 231 3151 laest
244 3088 289 3151 dei
299 3087 379 3151 fuerit
392 3088 515 3150 mollior.

284 3284 374 3315 ι.
769 3255 815 3315 El
