2108 3712
294 132 707 217 'LIBERI

32 230 43 257 ’ξ
72 301 75 308 .
119 254 220 325 sinete,
235 272 288 333 que
301 250 401 331 rejiciat
412 269 440 312 te
462 250 512 311 siro
524 254 641 333 gremio.

68 319 73 330 ’
115 330 160 405 bic,
173 332 261 413 inspice
281 332 410 401 titulum
431 350 490 389 non
502 334 557 389 sum
565 349 712 412 praeceptor
723 338 840 399 amoris:

60 441 63 450 ·
112 408 164 471 Illud
182 431 241 491 opus
252 410 306 489 jana
316 410 393 471 dedit
406 428 495 487 premat
507 429 570 489 quas
585 416 690 470 meruit.

109 488 205 549 sorsum
216 490 333 569 expedes
351 510 386 547 an
398 488 504 566 jubeam
519 507 546 547 te
560 486 659 547 missurn
670 492 796 555 scandere

10 629 15 637 ‚
104 564 187 627 sndta
204 568 311 649 palatia,
329 588 382 647 que
395 566 541 627 Caesareana
553 566 674 628 domum.

32 721 35 728 Ι
58 706 61 712 ,
102 646 206 725 Augusta
217 648 278 705 loca
289 666 341 735 que
357 646 395 705 dii
407 646 528 705 locorum
548 644 688 725 ignoscant
699 649 782 713 mihi:

98 722 196 784 Fulmen
205 725 280 783 venit
293 744 321 781 rn
335 724 389 782 hoc
407 738 483 801 caput
496 724 530 781 ab
544 724 590 782 ilia
602 742 670 783 arce.

26 809 29 816 '
83 796 207 879 'Quidem
217 800 328 860 memini
344 799 478 859 miriffima
491 804 599 859 numina
612 800 662 860 esse
677 806 730 863 illis

92 874 213 941 Sedibus:
236 879 282 939 sed
294 878 375 939 timeo
388 880 467 950 deos,
488 879 533 958 qui
554 874 682 939 nocuere.

10 939 15 1038 j'
90 953 219 1019 Columba
229 957 467 1017 terreturminimo
476 954 591 1017 stridore
602 978 707 1037 penna,

87 1032 167 1097 Festa
182 1038 262 1097 saucia
274 1037 399 1116 accipiter
419 1036 470 1095 tuis
489 1034 627 1117 unguibus.

84 1106 162 1185 Nec,
178 1112 197 1175 si
208 1136 258 1195 qtta
269 1136 284 1175 a
306 1134 339 1172 na
351 1114 453 1174 excussa
462 1110 500 1173 est
512 1112 639 1173 dentibus
651 1115 722 1174 avidi

82 1186 168 1271 Lupi,
185 1194 261 1254 audet
293 1193 407 1253 ascedere
421 1194 515 1273 procul
536 1191 681 1253 asiabnlis.

81 1262 208 1333 Phaecam
220 1274 320 1331 vitaret
333 1274 444 1343 coelum,
461 1270 598 1330 finiveret
612 1290 620 1341 ;
638 1273 665 1329 dc
679 1271 766 1333 nollet

78 1338 212 1430 Tangere
224 1370 320 1431 equos,
340 1370 409 1429 quot
421 1348 502 1411 stult&
512 1364 628 1429 optaret.

10 1436 12 1442 ’
80 1420 206 1509 Quoque
217 1428 304 1488 fateor
314 1448 357 1487 me
366 1429 459 1487 timere
471 1447 544 1486 arma
553 1427 632 1515 Jovis
643 1446 700 1507 quoe
712 1424 778 1487 senfi
788 1450 797 1486 t

80 1496 123 1555 Et
140 1524 201 1567 reor
213 1527 256 1567 me
274 1507 338 1580 peti,
358 1528 417 1564 cum
432 1522 510 1564 tonat
521 1506 618 1565 insesio
628 1507 700 1583 igne.

77 1568 243 1667 Quicumque
256 1579 326 1665 sugit
347 1584 483 1665 Capherea
494 1584 529 1642 de
539 1585 667 1665 Argolica
686 1578 772 1655 classe,

77 1648 194 1741 Semper
214 1680 357 1743 retorquet
370 1664 430 1721 vela
443 1663 477 1721 ab
490 1664 613 1721 Euboicis
621 1664 703 1741 aquit.

76 1725 121 1786 Et
141 1758 194 1803 tntu
203 1742 299 1820 cymba
311 1740 389 1799 semel
400 1736 514 1820 percussa
528 1738 598 1799 vasid
611 1740 726 1817 procelli

72 1796 272 1879 Horretanre
283 1820 358 1877 inum
371 1821 469 1889 mcum,
488 1838 544 1896 quo
557 1820 614 1875 iaen
626 1818 674 1877 en.

72 1876 166 1971 El'go
176 1898 243 1957 liber
251 1915 330 1967 cave,
350 1900 377 1955 dt
390 1898 556 1974 circumspice
566 1895 659 1955 timidi
671 1913 773 1970 mente,

69 1950 124 2019 Et
145 1970 171 2029 stt
182 1977 232 2035 tibi
242 1976 300 2034 satis
311 1976 365 2053 legi
375 1994 389 2031 a
398 1974 478 2032 media
492 1972 581 2053 plebe.

63 2022 163 2156 gum
174 2055 260 2113 Icarus
272 2052 338 2133 petit
347 2052 461 2111 nimiunn
469 2051 587 2111 sublimia
598 2050 710 2113 infirmit

101 2131 186 2190 emis
198 2131 289 2192 secitc
308 2151 352 2190 uas
370 2132 465 2191 Icariae
483 2130 602 2190 nomine.

62 2172 194 2268 Temen
209 2211 246 2272 eii
259 2152 379 2283 disicile,
398 2211 498 2280 dicere,
518 2211 601 2271 utaris
612 2208 655 2271 hie
666 2210 758 2282 remis,

58 2260 138 2345 Aa
148 2288 231 2351 ama:
253 2308 297 2349 res
309 2290 434 2370 locnsque
444 2287 549 2347 dabunt
569 2288 718 2349 confilium.

55 2338 225 2456 8ipoteris
235 2368 304 2427 tradi
316 2386 413 2441 vacuo,
433 2365 568 2453 fividebis
580 2369 672 2428 cundia

59 2416 185 2505 Maia:
205 2446 224 2506 fi
242 2450 282 2506 ira
300 2443 412 2528 fregerit
427 2447 484 2505 suas
499 2463 583 2503 viret.

64 2504 119 2583 δί
129 2524 184 2604 quis
198 2526 262 2598 erit,
283 2525 328 2605 qui
340 2527 429 2587 tradat
440 2540 469 2583 te
480 2523 649 2583 dubitantem
657 2522 686 2578 8r

56 2575 241 2670 δῙῖιιιριιτειιι
251 2604 300 2675 ire,
320 2605 363 2663 adi
374 2623 464 2664 tamem
477 2620 541 2663 ante
556 2604 679 2679 loquatur
694 2613 783 2680 pauca.

59 2658 228 2743 Feceniae
242 2682 303 2741 illuc
319 2684 375 2743 luce
389 2681 473 2753 bond,
490 2682 536 2761 qui
545 2680 649 2741 selicior

67 2744 151 2819 'Tuo
163 2761 290 2831 domino,
311 2763 340 2819 dc
352 2763 426 2822 levet
438 2760 529 2820 nostra
538 2760 613 2819 mala.

68 2826 210 2918 Namque
225 2839 271 2898 vel
284 2857 375 2913 nemo,
397 2838 443 2899 vel
460 2838 507 2918 qui
518 2837 581 2897 secic
593 2854 625 2895 ea
634 2834 747 2897 vulnera
760 2830 828 2897 milii

75 2916 163 2979 Solus
176 2916 262 2997 potest
275 2918 374 2976 tollere
388 2918 512 2978 Achilleo
523 2936 611 2977 more.
938 2926 999 2990 μου

77 2990 210 3054 'santum
233 2996 342 3066 videto,
362 3017 398 3056 ne
411 3014 520 3069 noceas,
538 2996 605 3055 dum
620 2995 662 3053 vie
674 2990 816 3075 prodesse:
839 3019 842 3026 ·
932 3036 935 3041 -

83 3072 159 3133 Nam
171 3072 261 3133 nostra
273 3073 329 3155 spes
341 3077 423 3135 animi
436 3074 474 3134 est
485 3075 573 3135 minor
600 3073 606 3084 ‘
635 3090 696 3132 ore.

88 3156 164 3232 Que,
184 3172 219 3211 ne
240 3154 348 3232 iraque
366 3152 528 3233 quiescebat,
547 3174 574 3211 m
606 3149 763 3222 'cresaeviam

93 3234 127 3287 Et
140 3250 205 3289 cave
225 3247 256 3287 tu
273 3230 304 3288 ss
325 3231 405 3292 altera
426 3234 499 3291 causa
519 3250 613 3323 poenae.
946 3305 950 3311 Ι

92 3308 268 3368 Tunencum
285 3307 362 3369 sineris
386 3324 549 3391 receptusim
569 3307 690 3392 nostrum
707 3302 856 3395 penetrale,
942 3310 997 3369 ¹05

504 3388 568 3447 Ae
937 3380 1001 3461 Q
