2108 3712
61 70 89 201 ὲ·
327 111 732 204 TR1su1uM

62 232 112 292 Tu
124 246 190 293 cute
202 228 343 303 defendas,
361 235 484 310 quemvis
500 235 663 299 mordebere
673 238 764 307 dietis:

62 314 147 373 (lause
169 332 227 373 non
252 309 325 370 bona
340 314 394 369 erit
410 312 498 392 major
517 318 679 396 patrocinio.

61 394 189 452 Invenies
212 390 326 469 aliquem
339 390 386 470 qui
408 391 517 471 suspiret
530 413 573 452 me
583 395 733 473 adnutum,

62 472 125 529 Nec
136 470 258 550 perleget
271 468 316 529 iste
326 471 444 528 carmictr
457 468 527 529 ficcis
536 474 633 551 genie:

62 556 102 609 Et
111 562 188 629 optet
201 546 294 608 tacitus
317 549 413 619 secum,
434 549 537 629 nequis
550 553 634 613 melus
655 555 763 617 audiat:

62 630 104 687 Sit
115 644 174 685 mea
185 645 265 707 poena
277 626 344 685 levis
366 628 469 689 Caesare
481 630 578 691 lenito.

60 706 125 766 Nos
138 723 251 785 quoque
273 723 408 785 precamur
429 726 466 765 ne
477 708 530 790 ipse
542 706 573 767 sit
584 708 663 769 miser
676 714 792 797 quisquis
803 717 865 793 etit,

60 784 118 859 Qui
128 784 206 843 volet
229 782 297 844 deos
320 782 372 842 ese
388 784 506 865 placatos
519 786 629 849 miseris.

60 864 183 943 Quaque
194 864 271 925 volet
282 860 334 921 sint
349 877 418 934 rata,
439 883 492 944 que
504 865 543 924 ira
555 866 673 947 principie
693 868 785 937 abiete
891 906 894 913 ·

61 946 120 1005 Det
134 940 201 1000 mihi
212 940 283 1021 posse
293 941 372 1001 ‘mori
391 941 421 999 in
435 944 525 1021 patriis
537 943 653 1009 sedibus.

62 1022 146 1083 Libet
165 1020 255 1081 forsan
266 1014 432 1099 culpaberisd
439 1036 471 1078 ut
483 1038 589 1101 peragas
609 1026 733 1088 mendara

61 1102 126 1177 Que
139 1099 228 1161 ferere
240 1100 331 1157 minor
353 1098 431 1157 laude
444 1101 498 1158 mei
518 1100 632 1179 ingenii.

61 1182 108 1239 Est
118 1176 239 1241 officium
251 1177 472 1258 judicisquaerere
484 1194 515 1238 ut
535 1192 587 1251 res,
607 1182 644 1241 ite
655 1198 778 1266 tempore

62 1262 162 1322 Rerum
174 1277 198 1338 3¹
216 1272 290 1317 tutus
314 1255 364 1317 eris
382 1274 504 1339 tempore
520 1256 638 1396 pueefito.

63 1339 190 1401 Carmine
211 1335 376 1417 proveniunt
388 1336 516 1397 dedueia'
532 1355 617 1398 ereno
631 1339 740 1399 animo:

62 1418 162 1478 Nostra
175 1433 295 1495 tempore
307 1418 368 1473 sunt
381 1414 475 1473 nubila
487 1414 579 1475 subitis
588 1420 673 1477 maiis.

63 1498 192 1556 Carmina
203 1509 325 1573 quaerunt
338 1488 457 1551 secessum
470 1492 499 1553 8(
511 1494 591 1555 etiem
603 1496 739 1559 scribentis
752 1523 761 1559 e

63 1576 144 1635 Mare
153 1573 231 1654 justet
242 1589 298 1642 me,
319 1571 394 1630 venti
406 1569 542 1655 [jactam]
554 1593 609 1648 me,
630 1574 714 1635 fereh
734 1596 788 1637 eme
798 1570 902 1661 [jraee'

62 1655 162 1716 Omnis
183 1667 269 1710 metus
290 1646 361 1708 abest
380 1649 561 1711 carminibus:
589 1672 645 1735 ego
659 1600 780 1733 petbus
896 1648 902 1661 ’

63 1735 136 1793 Puto
150 1734 239 1792 ensem
249 1726 421 1819 jamjamque
431 1728 562 1789 haesurum
576 1751 638 1792 meo
649 1730 756 1814 jugulo.

64 1816 189 1894 Quoque
208 1826 298 1889 aequur
310 1807 392 1888 Judex
407 1808 546 1869 mirabitur
568 1808 623 1869 haec
644 1831 703 1890 qun
718 1808 811 1877 fecio':

63 1892 130 1969 Que
150 1894 221 1970 leget
233 1887 327 1969 scripte
357 1886 549 1968 uelitumque,
568 1908 629 1947 cum
643 1895 732 1955 venia.

66 1974 112 2033 Dn
126 1967 292 2030 Maeonidem
340 1967 345 1979 '
367 1968 375 2025 i
388 1968 416 2025 u
426 1968 591 2050 circumspice
601 1983 645 2029 tot
659 1970 757 2035 cesus.-

65 2052 159 2111 Omne
177 2046 319 2125 ingenium
334 2046 440 2104 excidet
462 2046 541 2105 tantis
552 2047 638 2107 malis.

65 2128 188 2204 Denique
200 2125 267 2181 iiber
280 2139 419 2183 memento
435 2124 475 2181 ire
497 2124 601 2185 securus
612 2124 698 2198 fame,

66 2208 128 2267 Nec
149 2202 180 2261 lit
192 2202 280 2282 pudor
300 2200 349 2260 tibi
371 2202 441 2261 lesio
452 2200 496 2261 dis
507 2201 614 2263 licuisse.

67 2282 188 2345 Fortuna
201 2300 260 2340 non
271 2280 371 2362 praebet
383 2279 416 2339 se·
424 2281 462 2338 ita
490 2282 619 2340 ecundrm
631 2281 724 2353 nobis,

67 2366 114 2423 Ut
127 2364 198 2421 ratio
217 2377 269 2417 tuae
291 2359 376 2419 laudis
390 2357 422 2419 stt
435 2358 560 2418 habenda
575 2362 636 2420 tibi.

70 2448 168 2505 Donec
183 2458 253 2498 eram
266 2442 351 2520 sospes
370 2438 501 2519 tangebar
514 2459 606 2499 amore
619 2438 704 2509 tituli,

72 2527 138 2604 Que
151 2520 233 2580 ardor
253 2518 390 2598 quaerendi
402 2516 519 2576 nominis
546 2535 605 2576 erat
620 2519 694 2576 mihi.

38 2604 43 2612 '
72 2605 98 2664 si
115 2621 175 2663 non
186 2617 261 2659 nunc
280 2598 330 2657 odi
342 2598 469 2667 carmiuu,
490 2615 542 2673 que
555 2597 666 2657 sudium
679 2592 753 2678 quod
780 2590 882 2666 obfuit,

73 2681 111 2740 Sit
131 2680 193 2741 satis
206 2702 214 2735 ι
233 2675 296 2753 fuga
307 2692 379 2765 puta
392 2694 454 2733 meo
467 2676 587 2753 ingenio.

71 2758 180 2821 Tamen
193 2757 218 2826 I,
240 2757 282 2813 cui
296 2754 358 2813 licet
370 2754 397 2809 bt
409 2750 493 2831 aspice
507 2754 621 2813 Romam
631 2772 682 2833 pro
692 2769 735 2808 me
746 2772 755 2820 3

73 2837 123 2894 Dii
145 2835 274 2903 facerent,
289 2829 387 2910 possem
409 2848 481 2889 nunc
499 2829 549 2889 esse
563 2851 636 2890 meus
652 2831 744 2889 liber!

73 2915 245 2992 Necputate
267 2905 338 2990 posse
350 2908 443 2968 venite
461 2908 585 2985 ignotum
603 2910 717 2988 populo,

73 2993 159 3066 Quod
172 2991 264 3050 venias
276 2986 436 3068 peregrinus
458 2986 488 3044 in
500 3004 623 3065 magnam
638 2986 748 3056 urbem,

74 3071 119 3129 Ut
133 3088 222 3129 careas
232 3066 327 3139 titulo,
347 3068 456 3125 noscere
469 3063 525 3145 ipso
536 3066 646 3123 coloret
688 3130 691 3135 ,

75 3154 105 3211 T
108 3168 183 3210 amen
201 3148 305 3206 intrato
318 3145 398 3216 ciam,
419 3160 456 3202 ne
470 3162 527 3203 mee
543 3145 660 3203 carmina
671 3138 768 3200 laedent
782 3158 827 3202 ce:

76 3230 147 3293 Non
159 3230 220 3287 sunt
231 3224 308 3304 plena
320 3221 431 3294 favoris,
451 3238 483 3282 ut
495 3222 632 3303 quondam
645 3236 733 3280 erant.

78 3313 108 3375 Si
118 3309 176 3396 quie
190 3306 253 3381 erit,
271 3304 318 3385 qui
335 3318 412 3385 putet
426 3318 455 3365 te
472 3321 531 3385 non
545 3299 596 3389 esse
614 3298 770 3384 legendum,
791 3302 867 3380 qnod
