2122 3720
43 253 76 295 :et
88 236 142 311 hoc
156 236 211 317 ipso
223 258 295 297 nunc
307 256 389 315 atqua,
408 238 483 315 quod
493 254 558 314 ente
573 237 674 309 obfuit,

55 316 111 375 asta
120 313 156 373 eli
170 335 213 374 rea
227 315 311 395 juncti
319 317 434 374 criminis
446 336 556 376 mecum.
624 320 627 325 ’

43 394 103 453 dem
116 414 173 453 non
183 395 282 453 vellem
295 392 442 472 imposuille
451 414 557 453 manum
580 394 656 454 sacris

43 473 114 544 lum,
135 473 273 551 (quoniam
289 470 398 533 fuerunt
414 474 552 548 nocitura)

46 572 116 611 nunc
125 551 188 629 quol
196 551 286 609 faciant
300 552 364 608 avis
375 553 425 630 ipsa
440 555 568 611 sacrorum
581 565 659 610 tenet
670 568 728 614 me:

47 648 137 688 emens
154 630 224 688 lael'us
242 628 359 699 carmine
371 648 434 688 amo
452 648 569 690 carmen.

43 726 95 766 ova
108 708 181 767 lotos
190 706 291 786 gustata
304 706 433 766 Dulichio
444 709 545 785 palato,
666 703 668 706 ⁴

43 803 119 865 grata
131 787 178 845 illo
193 785 296 864 sapore,
315 805 372 863 quo
389 787 500 856 nocuit„

43 882 69 921 ns
80 862 138 924 feri
155 863 232 922 sentit
241 867 286 921 sua
296 862 411 934 damna3
428 880 521 922 tamen
535 863 616 944 haeret
625 867 654 927 in
664 866 737 940 illis3

46 946 107 1021 pers
135 944 210 1000 uitur
223 942 357 999 materiam
373 941 521 1022 suaeculpo.

44 1038 96 1098 que
110 1021 128 1079 li
163 1020 545 1099 llideletuntnos,.qrumvis
558 1018 684 1098 nocuere,
839 1038 871 1101 35

48 1116 110 1157 amo
121 1100 203 1157 telum
215 1098 290 1188 quod
301 1096 367 1154 fecit
380 1098 494 1157 vulnera
504 1097 577 1157 mibi.

44 1192 93 1235 tan
110 1175 162 1234 hoc
170 1176 281 1234 lludrum
295 1172 372 1254 pollii
383 1176 470 1235 videri
482 1175 578 1236 furor:

43 1252 82 1313 hic
102 1253 178 1313 furor
190 1255 270 1313 habet
281 1254 409 1332 quiddam
421 1255 556 1313 utilitatis.
660 1250 664 1256 ’

43 1350 51 1391 t
71 1350 187 1393 mentem
200 1336 301 1411 semper
311 1330 362 1390 effe
376 1333 404 1389 in
423 1330 526 1390 obtutu
547 1332 710 1408 malorum*

52 1409 116 1469 facit
129 1415 311 1470 immemorem
322 1412 457 1490 prasentia
467 1412 546 1469 casus.

49 1506 81 1548 ut
104 1488 215 1548 Bacchis
226 1488 310 1548 saucia
322 1509 379 1546 non
392 1485 473 1547 sentit
485 1489 559 1546 suum
571 1487 680 1560 vulnus,
737 1496 745 1512 '

52 1564 136 1646 stupet
150 1569 282 1626 exululata
296 1567 370 1625 ldaeit
393 1565 473 1646 jugis

44 1648 67 1705 oi
78 1663 132 1704 mea
147 1648 252 1725 pestora
266 1646 355 1704 calent
367 1661 440 1702 mota
449 1646 525 1707 sacro
535 1647 643 1726 thyrso,

44 1723 179 1805 'piriturest
195 1724 276 1791 altior
285 1723 404 1780 humano
413 1724 490 1781 malo·
624 1734 627 1741 '

44 1822 80 1862 tec
89 1804 168 1861 sentit
179 1800 293 1860 exsilium
309 1818 357 1857 nec
373 1801 464 1859 littora
475 1801 588 1876 Scythici
617 1812 624 1827 '
646 1832 650 1839 ·
671 1820 684 1837 -·
762 1832 765 1837 -

43 1883 61 1954 i,
79 1882 125 1941 ille
138 1899 186 1939 nec
199 1877 309 1960 [linui]
336 1877 437 1936 habere
449 1877 513 1938 deos
528 1881 618 1940 iratos.
704 1942 708 1955 ¹

47 1957 108 2018 utfi
122 1958 240 2018 biberem
251 1957 345 2039 pocula
358 1954 509 2036 soporifero
523 1957 631 2029 lether,
705 1970 708 1975 '

44 2036 110 2097 tosus
123 2037 224 2096 adverfi
233 2035 361 2117 temporis
377 2032 449 2093 abeli
460 2035 535 2097 milri.

44 2136 55 2171 r
68 2115 126 2193 jure
139 2134 258 2175 veneror
267 2118 343 2172 Deos
362 2111 484 2172 levantes
495 2110 585 2175 nollra
595 2113 674 2186 mala,
761 2164 764 2171 .

44 2193 96 2252 itas
114 2196 224 2252 comites
243 2192 310 2272 fugat
323 2212 357 2251 ex
368 2193 511 2263 Helicone,

48 2289 143 2355 gnatae
156 2271 226 2351 sequi
244 2270 332 2329 nostra
347 2269 455 2351 vestigia
464 2272 560 2351 partim
570 2270 683 2351 pelago,¹

44 2374 67 2410 m
81 2349 165 2419 terri,
185 2350 230 2406 vel
242 2367 310 2419 rate,
328 2350 373 2406 vel
388 2351 462 2428 pede.

44 2450 70 2489 tr·
89 2429 128 2485 hae
148 2428 236 2485 saltem
250 2426 300 2484 lint
316 2426 400 2485 faciles
412 2425 490 2484 milri:
513 2443 625 2502 namque
743 2436 746 2441 '
858 2442 861 2449 ·

44 2527 72 2566 ra
85 2505 160 2566 turba
174 2506 236 2563 facit
249 2526 307 2562 curn
327 2524 425 2583 magno
438 2505 548 2560 Caelare.

45 2584 158 2644 tumulat
178 2602 224 2641 me
242 2600 287 2641 tot
311 2581 430 2639 adverlis-
438 2598 507 2659 quot
521 2581 596 2637 littus
607 2576 690 2638 hahet

45 2683 80 2736 ις,
101 2681 169 2742 quot
193 2663 293 2719 fretum
306 2659 395 2739 pitius,
416 2676 467 2738 que
481 2658 551 2736 pilcis
564 2677 627 2717 ova.

48 2736 292 2800 numerabitfloret
312 2757 389 2808 vere,
410 2736 494 2795 arillas
507 2735 578 2806 cestu,

45 2842 50 2880 ι
69 2837 116 2900 per
131 2836 296 2889 autumnum,
315 2836 369 2893 que
386 2815 458 2873 nives
480 2812 625 2893 frigoribus
640 2833 650 2884 ;

45 2921 57 2958 n
79 2897 147 2956 mala
164 2916 222 2976 quae
247 2898 316 2955 ttior
329 2897 435 2971 iactatus
448 2894 476 2951 in
495 2893 646 2964 totoorbe,

55 2978 133 3035 miser
152 2994 214 3056 peto
224 2916 288 3032 ἔπι
301 2974 393 3031 littora
406 2972 514 3030 Euxini.
662 3043 668 3056 ⁶

45 3076 78 3116 tn
93 3070 123 3112 ut
135 3054 209 3125 veni,
244 3073 293 3111 nec
305 3050 416 3110 forrum
428 3054 554 3111 malorum
567 3044 601 3106 est
617 3048 720 3111 leviori

47 3133 136 3193 secuta
157 3130 218 3189 sunt
235 3130 399 3189 nostrasv'us
420 3147 524 3208 quoque
538 3128 595 3185 huc.
671 3136 674 3141 '
730 3128 732 3133 '

45 3210 155 3296 quoque
173 3211 296 3347 mffinOVi
315 3208 423 3296 {lamina
441 3207 524 3265 noltri
543 3203 648 3276 natalis,

45 3294 91 3353 ina
105 3292 171 3350 taor
180 3288 213 3345 ω’
235 3287 291 3347 ide
304 3286 509 3367 mgrovellere.
575 3374 579 3381 ι
