2108 3712
60 132 124 217 59⁶
326 88 732 180 TRISTdeM

61 234 144 309 ,ωε
153 223 245 293 ditent
260 236 290 281 te
304 215 421 286 felicem,
438 235 499 274 cum
519 211 550 272 tis
560 213 590 271 in
602 214 681 301 pnrt'e

73 305 205 367 Nostrum
216 300 355 367 mulorum,
371 310 424 372 que
437 293 577 353 invideant
587 291 650 349 nbi.

64 385 147 447 ¹Non
158 399 213 460 ego
221 373 344 443 dedillem
367 377 444 454 plura
459 369 610 430 tibidendo
630 367 753 439 divitius,

72 458 184 521 'Umbra
199 455 289 515 diritis
300 451 373 510 feret
383 451 420 511 nil
432 450 465 509 ad
482 452 538 508 suas
552 466 650 515 menet.

77 537 187 599 Donavi
209 532 324 593 frudium
335 528 457 611 perpetui
469 526 595 598 nominis,
624 522 777 604 quohibet
829 537 833 541 '

78 617 122 688 Id,
161 630 333 680 dominere,
355 610 431 688 potui
447 608 512 665 dare
527 606 566 665 nil
588 607 682 685 moiun

77 703 114 756 Er
124 635 205 762 aide,
217 688 291 768 quod
305 708 332 746 es
352 688 409 745 sola
420 686 504 743 tutela
514 703 631 743 mearum
642 700 746 756 rerum,

73 776 158 835 ,onus
173 789 231 829 non
243 767 320 848 perui
342 763 453 824 honoris
467 764 542 823 venit
560 760 594 821 ad
618 778 665 831 te:

71 849 164 931 Qiod
179 849 303 906 meavox
317 844 353 904 eli
371 861 508 931 nunquam
525 857 600 900 mute
616 840 655 899 de
667 854 707 912 te,
721 893 724 901 .

76 935 144 1011 Quo
153 925 237 985 debes
246 921 296 983 else
310 921 338 981 su
371 920 420 980 rba
440 919 595 997 judiciistui
615 919 674 977 viri.
747 960 754 971 .

73 1010 150 1087 Qrae
164 1022 200 1061 oe
212 1002 273 1081 quis
286 1019 321 1082 po
353 1015 366 1057 t
388 997 477 1059 dicere
490 996 638 1068 temeraria,
658 992 761 1076 perui:

76 1088 114 1142 Et
126 1083 222 1163 pariter
231 1081 306 1139 serve
320 1081 562 1214 mequeffmqoe
572 1071 668 1135 fidem.

73 1161 149 1220 ‘Nam
162 1177 208 1217 tua
226 1157 346 1237 probitas
365 1175 407 1214 un
447 1152 524 1217 tfine
537 1154 611 1234 turpi
626 1153 748 1224 trinine,

69 1240 149 1300 ,Dum
160 1237 298 1306 lletrrnur;
324 1233 415 1305 &fuit
428 1249 534 1311 tantum
550 1229 743 1314 irreprehensa.

76 1315 178 1377 Eadem
191 1337 262 1374 nunc
274 1314 310 1373 eli
326 1311 392 1375 falla
403 1331 449 1393 par
461 1311 511 1371 tibi
521 1310 612 1375 nostrl
622 1309 718 1379 nuni:

68 1394 140 1455 'Tua
152 1395 235 1455 virtus
245 1392 285 1453 hie
296 1392 374 1472 ponit
396 1392 566 1480 conspicuum
577 1409 652 1472 opor.

78 1474 167 1533 Facile
177 1472 213 1530 elr
225 1470 275 1529 elle
289 1471 400 1542 bonam,
419 1469 466 1531 ubi
475 1470 549 1548 quod
565 1486 641 1531 vetat
650 1464 702 1533 elle
713 1483 846 1533 remotum
856 1468 909 1546 el,

79 1555 118 1609 Et
132 1566 211 1628 nupta
226 1546 305 1606 habet
324 1546 390 1607 nihil
410 1545 483 1626 quod
496 1546 701 1615 oblletoffici'u.

68 1630 144 1687 Cum
158 1629 230 1684 Deus
240 1624 358 1683 intonuit
370 1644 430 1685 non
450 1624 595 1687 subducere
608 1627 635 1687 se
647 1628 754 1704 nitrrbo,

72 1705 105 1761 ld
120 1705 226 1762 demum
240 1701 276 1761 ell
295 1702 390 1782 pietat,
406 1702 435 1765 id
448 1702 548 1769 socialis
561 1724 649 1769 eruor.

64 1782 200 1859 Quidem,
220 1780 306 1841 virtut
319 1781 356 1843 eli
367 1801 438 1854 rara,
459 1800 539 1861 quam
551 1778 664 1848 fortuna
674 1805 734 1847 non
745 1782 899 1868 ςκὼεηιαῐε

67 1864 142 1947 Quor
152 1876 257 1920 marzeut
267 1858 353 1919 stabili
362 1859 441 1941 pede,
454 1878 512 1919 cum
531 1860 576 1922 illa
599 1862 692 1946 fugiet.

73 1942 180 2001 Tamen
193 1938 211 1997 fi
223 1939 258 1999 est
271 1937 393 2018 pretium,
412 1939 455 2000 <ui
470 1940 558 2000 virtue
572 1939 624 2031 ipsu
633 1946 758 2025 petitum,

65 2019 136 2097 Que
155 2017 239 2077 ardua
260 2018 331 2075 adell
343 2017 422 2077 rebus
432 2035 525 2098 parurn
537 2020 600 2080 laetu
613 2043 622 2079 ε

69 2100 98 2157 Si
111 2112 234 2154 numeres
247 2111 347 2173 ternpus
358 2111 462 2155 tacetur
478 2114 527 2177 per
540 2098 616 2158 nulla
628 2102 727 2173 secula,

65 2181 104 2237 Et
116 2169 311 2250 transgreditur
324 2172 395 2244 loca,
412 2171 466 2261 qud
483 2176 536 2235 iter
556 2177 630 2237 orbis
641 2196 725 2260 patet.

69 2249 167 2329 Aspicis
190 2265 220 2307 ut
244 2249 393 2330 Penelopea
406 2249 475 2310 ludes
487 2253 625 2315 laudabilis

67 2327 357 2407 Teneatlnextindium
368 2349 469 2388 nornen
480 2331 567 2408 longo
581 2353 640 2395 aero
653 2335 665 2393 ἔ

66 2409 162 2471 Cernis
176 2425 206 2468 ut
218 2427 288 2466 uxor
304 2408 413 2468 Admeti
431 2411 458 2467 dt
473 2410 594 2470 Hedoris
607 2414 749 2474 canteturi

66 2493 131 2572 Que
155 2486 242 2566 Iphias
254 2492 314 2548 ausa
323 2488 362 2546 ire
383 2488 412 2547 in
433 2494 555 2549 accensos
569 2492 672 2570 rogos}

65 2568 109 2626 Ut
133 2564 270 2642 Phylaceia
282 2565 343 2645 conj
393 2565 548 2627 vivutfarne
571 2571 643 2649 cujru

65 2647 118 2704 Vir
130 2640 219 2723 prellit
232 2642 335 2703 Iliacam
345 2585 462 2703 lirnium
473 2649 560 2724 prirno
571 2650 638 2729 pede
651 2652 664 2710 ἓ

63 2727 112 2783 Nil
130 2741 194 2800 opus
204 2719 238 2779 eil
257 2740 343 2781 morte
382 2725 490 2795 rome,
510 2725 555 2785 sed
568 2746 661 2790 amore
671 2747 723 2809 que
736 2725 812 2789 fide:

62 2806 140 2860 Fama
154 2816 211 2855 non
225 2798 261 2857 est
273 2818 351 2878 peren
373 2820 387 2857 a
406 2801 456 2861 tibi
469 2820 501 2860 ex
521 2803 630 2864 difficili.

62 2880 122 2936 Nec
133 2874 278 2934 credideris
288 2895 316 2935 te
329 2879 444 2948 moneri,
462 2882 523 2956 quia
536 2902 593 2941 non
606 2882 670 2944 fatis
681 2883 745 2945 ista:

60 2959 161 3014 Damus
171 2954 247 3027 vela,
260 2957 381 3033 quamvis
395 2955 469 3014 navis
487 2975 530 3016 eat
541 2966 653 3041 remige.

60 3033 117 3111 Qui
130 3047 222 3087 monet
243 3049 271 3091 ru
294 3033 385 3105 fanis,
404 3033 542 3112 quodiam
554 3038 625 3114 licis,
645 3042 690 3101 ille
723 3049 727 3063 '

61 3110 161 3173 Laudat
173 3112 322 3188 monendo,
338 3114 534 3194 &conprobat
554 3119 610 3179 alla
633 3119 682 3181 suo
694 3119 812 3184 hortatu.

374 3275 640 3343 FtNlS.
