2108 3712
62 139 107 210 88
306 122 724 205 TRISTIUM.

61 246 136 309 Non
152 258 277 307 metuunt
288 243 375 327 legas,
395 245 440 307 sed
451 264 554 327 aequum
564 244 638 305 cedit
650 246 767 323 viribus,
807 292 811 299 .

60 330 127 401 Que
138 324 195 401 jura
208 322 295 398 jacent
308 325 373 382 vicu
394 323 443 382 sub
454 323 567 403 pugnaci
580 326 650 383 ense

62 405 166 461 Arcent
178 404 245 459 mala
257 400 362 483 frigora
372 402 520 481 pellibus&
533 400 598 459 laxis
610 401 720 474 braccis,

62 485 128 559 Que
137 479 245 539 horrida
257 497 306 538 ora
321 484 383 539 sunt
398 483 465 539 tedia
476 479 566 558 longis
574 480 668 541 comis.
936 488 973 552 50

61 559 96 616 In
104 563 190 637 paucis
201 554 310 646 vestigia
324 562 423 617 Graecae
440 560 538 639 linguae
549 574 661 630 extent,

63 634 181 716 Quoque
190 636 244 695 haec
258 639 324 694 laun
339 635 451 696 barbara
461 636 560 696 Getico
571 636 651 694 sono.

63 714 134 773 Non
147 711 182 771 ell
199 733 267 775 unus
276 720 306 774 in
318 715 372 775 hoc
382 717 483 795 populo
492 714 539 794 qui
549 713 624 776 lbrte
633 728 716 851 dum

63 792 190 852 Reddere
203 792 433 872 latiniquaelibet
448 793 529 851 verba
548 812 563 850 e
588 812 632 852 me
653 794 658 805 '

63 877 127 951 Ego
141 870 192 949 ipse
216 877 351 930 Romanus
376 887 451 930 vates
472 873 570 944 (Musae
582 870 726 951 ignoscite)
937 882 969 947 ς’

63 950 161 1027 Cogor
174 950 246 1026 loqui
254 948 365 1026 plurima
378 950 531 1009 Sarmatico
538 967 625 1008 more.

61 1032 98 1085 Et
112 1027 205 1106 pudet,
223 1028 252 1083 &
264 1024 367 1100 fateor,
383 1029 478 1086 Latina
487 1026 573 1086 verba
582 1029 626 1087 vix
637 1027 754 1087 subeunt

63 1107 133 1162 Mihi
146 1104 192 1184 ipfi
208 1103 258 1184 jam
272 1104 355 1185 longd
367 1105 550 1165 desuetudine·
565 1138 569 1143 ·

62 1182 121 1241 Nec
134 1183 229 1244 dubito
242 1185 308 1263 quin
320 1205 378 1244 non
390 1203 470 1263 pauca
483 1182 596 1243 barbara
607 1182 658 1243 lint
680 1186 708 1242 &
719 1184 748 1245 iu
759 1180 815 1243 boc

65 1262 185 1335 l-ibelio,
205 1263 252 1322 illa
274 1283 331 1321 non
345 1264 419 1343 culpa
445 1262 615 1323 hominissed
626 1263 688 1322 loci.
929 1263 970 1333 ὅθ,

64 1340 172 1398 Tamen
184 1360 218 1397 ne
228 1342 337 1421 perdam
351 1343 503 1401 commercia
518 1342 642 1401 Ausonia
658 1341 768 1420 lingue,
890 1364 893 1373 ·

64 1423 99 1475 Et
114 1438 171 1476 mea
191 1439 245 1476 vox
254 1418 301 1477 fiat
314 1438 387 1477 muta
399 1421 487 1499 patrio
503 1418 590 1479 sono:

63 1495 121 1573 lpse
133 1498 232 1573 loquor
242 1518 355 1566 mecum,
370 1517 423 1576 que
432 1498 547 1555 retrado
559 1497 667 1559 desueto
677 1494 784 1556 verber

63 1578 100 1630 Et
114 1590 208 1652 repeto
224 1572 324 1631 finistra
339 1570 410 1654 ligne
425 1575 477 1632 mei
492 1572 579 1634 studii.

64 1651 103 1710 Sic
116 1652 197 1711 traho
210 1654 324 1711 animum
333 1672 386 1732 que
395 1671 509 1733 ternpus,
525 1672 578 1731 que
590 1653 645 1733 ipse
653 1652 756 1715 reduco
935 1646 973 1729 (ί

63 1730 123 1802 Me,
142 1752 196 1811 que
211 1731 359 1791 submoveo
369 1751 384 1790 a
394 1733 578 1810 contemplatu
590 1733 663 1794 m'ali.

62 1809 171 1889 Qiaero
181 1812 283 1869 oblivia
294 1812 445 1870 miserarum
459 1829 548 1867 rerum
561 1810 739 1873 carminibus:
796 1814 799 1819 '

63 1889 88 1946 Si
102 1889 247 1969 consequar
257 1889 301 1948 ista
314 1891 417 1970 prumia
426 1886 523 1959 lludio,
546 1892 583 1948 sat
596 1887 641 1950 est.

333 2145 589 2213 ELEGIA.
629 2144 710 2207 Vlll.

173 2281 201 2337 O
214 2281 243 2338 N
256 2280 325 2341 adeo
345 2283 437 2354 cecidi,
452 2286 570 2364 quumvis
582 2282 709 2364 abjeelus,
727 2302 758 2345 ut
771 2285 818 2346 iim

182 2365 300 2440 Quoque
315 2360 385 2420 infra
400 2380 439 2435 te,
458 2384 512 2443 quo
526 2364 593 2422 nihil
604 2362 690 2442 potell
702 2364 750 2424 elle
764 2365 886 2431 inferius.

63 2442 194 2517 Improbe
206 2448 314 2516 quaeres
324 2439 385 2498 facit
400 2443 504 2502 animos
518 2444 624 2513 inme?
654 2444 713 2501 Cur
725 2459 761 2502 ve

63 2517 177 2574 Insultas
190 2517 296 2589 cafibus‚
324 2539 391 2596 quor
403 2520 454 2599 ipse
465 2538 541 2602 potes
549 2523 627 2600 pati?

64 2593 124 2651 Nec
147 2595 232 2655 nollra
244 2597 312 2656 mala
325 2596 445 2658 reddunt
454 2615 483 2659 te
495 2596 584 2658 mitem
595 2619 646 2680 que
658 2597 788 2680 placidum
955 2616 971 2679 ς

63 2671 193 2806 ὲῗςειιῑίἔτ
202 2675 295 2763 quibus
308 2675 375 2808 fer}
384 2674 485 2754 pollent
491 2677 698 2814 iddacwdebi

96 2769 164 2805 ecm
194 2771 344 2811 uranumen
376 2770 482 2815 oreunae
528 2772 620 2815 ntrsm
651 2774 669 2812 u
698 2773 720 2814 o

64 2826 154 2894 Orbe,
165 2829 193 2883 &
205 2828 261 2886 dcae
270 2833 353 2888 exosa:
364 2832 474 2910 superba
487 2832 570 2892 verba
580 2833 590 2891 l

64 2903 223 2963 Rhamnusia
236 2908 319 2964 ultrix
330 2907 419 2989 exiget
431 2909 464 2968 ad
478 2911 573 2992 dignas
584 2929 677 2991 poenar
687 2910 694 2968 l

63 2980 139 3053 Quid
153 2983 236 3041 calcas
250 3003 307 3044 mea
320 2985 372 3045 lata
382 2987 506 3069 impolito
519 2990 610 3071 pede?
936 3020 975 3067 ιο

63 3064 125 3141 Ego
136 3060 190 3119 vidi
202 3061 424 3148 naufragiumque
434 3069 560 3149 virosque
573 3068 659 3149 mergi
668 3065 717 3127 sub
729 3086 853 3152 aequore,

63 3142 247 3219 Etnunquam
266 3142 323 3204 dixi
341 3140 473 3207 undafuit
491 3147 596 3227 justior.

64 3221 123 3311 Qui
130 3219 268 3302 quondam
292 3226 475 3304 negarutviliu
487 3229 612 3287 alimenta

64 3298 177 3390 Mderis,
198 3301 251 3385 ipse
267 3304 461 3388 nuuc-palcina!
474 3307 628 3425 mendicato
638 3299 710 3365 cibo.
764 3358 767 3365 .

830 3362 969 3445 Volubilis
