2108 3712
60 152 89 217 4
305 112 715 197 Tntsutuna

60 236 126 310 Qte
139 232 285 311 contigeris
298 250 371 291 tuam
388 232 498 293 domum
511 253 593 315 parva
611 234 726 293 scrinia:

61 311 174 390 Aspicies
186 312 240 370 illit
252 308 351 371 fratres
364 311 464 391 positos
487 333 521 372 ex
535 314 642 383 ordine,

61 385 142 461 Quos
156 390 264 448 cunctos
275 390 346 448 idem
367 388 479 449 studium
493 392 641 472 evigilavit.

61 469 168 525 Cratera
180 469 258 525 turba
268 465 385 527 ollendit
397 472 505 548 paltma
542 488 599 529 rtos
609 468 717 542 titulos,

64 550 103 605 Et
114 544 189 623 gerit
202 547 246 602 lua
259 550 369 605 nomina
380 547 484 606 netem
509 565 597 607 tonte.
920 562 969 605 uo

63 621 178 681 Videbis
192 639 247 680 tres
260 625 395 684 latitantes
418 629 512 703 procul
531 625 746 702 obscurumne:

61 700 180 778 Quoque
200 700 227 758 hi
241 701 342 763 docent
355 721 454 773 amate,
468 704 541 783 quod
560 725 642 763 nemo
654 704 745 759 nestit.

63 778 111 836 Tu
133 780 177 835 vel
202 778 287 859 fugias
302 782 363 854 hos,
385 783 430 838 vel
449 778 467 837 fi
484 781 596 840 habebis
618 782 680 840 satis
699 780 754 840 otis

65 860 160 915 Facito
175 858 328 937 Oedipodas
340 877 392 938 que
404 860 564 939 Telegonas
579 878 667 919 vocet.

64 938 130 1012 Que
141 953 242 994 moneo
255 937 290 995 de
304 937 398 1010 tribus,
418 936 437 995 li
450 958 503 1016 qua
511 958 573 998 cura
585 936 700 1019 patentis
712 930 749 994 est
760 934 812 995 tibi
921 952 972 1011 115

64 1012 111 1069 Ne
123 1031 193 1072 ames
205 1034 368 1093 quenquam,
388 1016 509 1094 quamvis
532 1015 585 1097 ipse
608 1013 720 1075 docebit

65 1096 135 1149 Sunt
152 1112 263 1173 quoque
283 1110 326 1150 tet
341 1094 405 1172 quin
426 1113 459 1152 ue
473 1092 611 1153 volumina
625 1110 735 1153 mutatae
746 1090 856 1167 forma,

65 1172 193 1229 Carmina
205 1190 290 1252 nuper
300 1191 375 1251 rapta
399 1114 434 1231 ait
457 1172 656 1251 meitexequiis.

65 1249 183 1322 Mando,
204 1251 276 1307 dicat
289 1250 343 1325 his,
365 1252 469 1311 vultum
484 1269 548 1309 meae
565 1250 682 1311 fortune

69 1326 145 1389 Poffe
168 1327 347 1388 rel'ertiintet
363 1346 463 1389 mutata
481 1348 603 1408 corpora.
922 1348 979 1391 120

68 1404 193 1486 Namque
204 1427 233 1465 ea
248 1405 339 1466 effefia
355 1406 391 1466 eh
405 1408 496 1467 bibito
510 1404 635 1468 dillimilit
665 1406 744 1466 iioti:

69 1484 132 1556 Que
143 1504 214 1541 nunc
225 1481 326 1555 flenda,
346 1486 437 1563 aliquo
448 1502 567 1563 tempore
581 1485 633 1545 fuit
643 1426 711 1544 ieta.

69 1561 187 1634 Quidem
200 1560 333 1619 habebam
352 1561 429 1639 plura
441 1561 568 1622 mandate
584 1564 648 1635 tibi,
665 1561 811 1643 fiquoetia:

67 1640 119 1698 Sed
133 1658 232 1698 vereor
244 1634 316 1698 luill'e
340 1644 414 1699 causa
427 1639 509 1699 tardae
529 1660 618 1699 morae.

66 1724 104 1779 Et
125 1717 202 1790 libet,
221 1716 241 1775 st
261 1715 345 1776 ferres
364 1734 453 1778 tetum
467 1718 558 1779 omnia
573 1739 632 1797 quae
649 1722 778 1799 subeunt,
932 1736 984 1797 ης

66 1804 185 1857 Futurus
197 1814 256 1855 etat
276 1813 373 1878 magna
385 1798 486 1855 sarcina
498 1798 597 1857 laturo.

66 1878 120 1934 Via
132 1874 169 1935 est
181 1874 265 1955 longa
278 1895 285 1930 :
306 1894 438 1955 propera:
458 1875 566 1935 ultimus
576 1873 649 1935 orbis
661 1873 828 1937 habitabitur

68 1954 169 2025 Nobis,
190 1969 268 2013 terra
284 1969 391 2014 remota
404 1952 537 2015 chained
556 1951 640 2013 terti·
833 1954 837 1959 '

810 2118 989 2139 Ι*

342 2210 628 2280 ELEGIA
670 2216 712 2282 11.

168 2362 205 2419 ΙΙ
227 2364 306 2425 matis
315 2366 344 2423 &
356 2362 418 2423 coeli
433 2363 511 2444 (quid
522 2361 654 2423 enimnist
664 2380 730 2424 vota
743 2365 897 2447 supersunt)

180 2444 262 2502 Parce
274 2443 381 2503 solvere
390 2445 514 2502 membra
527 2441 640 2522 quaffata
651 2445 722 2503 ratis.

71 2529 118 2589 Ve
126 2540 222 2604 pretor
231 2541 266 2581 ne
279 2521 439 2581 subscribite
452 2521 496 2583 irae
504 2522 594 2602 magui
606 2525 710 2582 Caelatis
727 2543 734 2577 :

71 2604 148 2667 Deus
167 2604 235 2661 alter
247 2603 311 2682 supe
324 2599 378 2661 fert
391 2618 471 2680 opem
485 2603 549 2660 Deo
560 2619 709 2678 premente,

71 2681 207 2740 Mulciber
227 2676 311 2739 habat
324 2681 355 2738 in
368 2679 493 2758 Troiam,
514 2680 617 2758 Apollo
634 2698 686 2758 pto
699 2676 786 2757 Troja
800 2698 808 2734 t
974 2696 989 2757 ς

73 2760 168 2818 Venus
181 2757 232 2815 fuit
254 2777 330 2849 aequa
344 2757 470 2827 Teucris,
491 2757 575 2814 Pallas
588 2757 686 2835 iniqua.

72 2836 198 2898 Saturnia
211 2854 323 2916 proptor
335 2834 433 2893 Turno
445 2832 542 2892 oderat
554 2833 669 2891 AEaeam
686 2858 694 2892 ε

73 2918 180 2975 Tamen
197 2914 243 2973 ille
258 2930 316 2973 erat
329 2928 403 2971 tutus
413 2910 524 2969 nurnine
536 2912 661 2970 Veneris.

75 3000 166 3055 Ferox
187 2990 331 3072 Neptunus
346 2988 411 3069 sepe
421 2988 500 3069 petiit
514 3003 619 3046 cautum
643 2984 780 3068 Ulyllem:

75 3074 205 3132 Minerva
215 3073 280 3148 saepe
294 3072 332 3129 eri
350 3066 390 3125 uit
402 3070 450 3126 suo
461 3082 566 3146 patruo.
952 3084 989 3127 10

75 3159 126 3229 Et,
143 3150 278 3231 (quamvis
323 3149 327 3158 '
365 3166 423 3204 mue
436 3144 471 3204 ab
489 3144 559 3217 illis)
578 3143 728 3223 quieverat

74 3228 195 3316 hliquod
206 3246 304 3311 numen
322 3220 406 3288 adele
417 3222 510 3296 nobit,
528 3223 593 3282 Deo
609 3222 698 3282 irato}
904 3297 988 3358 Miser
