2108 3712
67 192 113 241 20
332 154 737 236 TRISTIUM
822 172 825 176 ’

65 282 132 359 Qut
144 274 227 338 eustoc
243 276 452 353 Erymanthidos
472 278 548 336 Utsae
564 275 683 336 fuscabat
696 278 789 349 diem3
892 324 899 337 .

67 359 125 416 Aut
144 351 237 412 Auster
248 372 356 412 auxerat
370 357 477 432 Hyadas
494 357 566 414 saevis
579 355 660 434 aquit.

66 435 131 492 Pars
140 431 219 491 maris
229 449 287 519 erut
299 435 363 511 saepe
375 433 447 491 intus
460 453 469 504 ;
481 450 571 493 tamen
586 435 639 511 ipse
648 431 783 493 ducebam
832 496 835 503 ,
867 430 871 439 “

65 509 190 572 Carmina
203 511 392 589 qualiacunque
415 513 541 570 trementi
553 528 644 569 manu.

63 591 182 668 Quoque
196 607 267 646 nuuc
282 588 407 648 rudentes
420 589 532 648 strident
554 588 680 647 contenti
692 588 853 669 Aquilone;

65 666 129 738 Qut
139 685 257 725 concava
271 685 335 743 aqua
357 668 442 746 surgit
457 669 485 726 in
498 667 608 727 modum
621 666 728 729 tumuli.

65 742 242 805 Gubernator
260 744 311 823 ipse
323 747 420 804 tollens
433 747 528 824 palmas
542 745 575 803 ad
589 743 684 819 fidere,

65 823 193 902 Exposcit
209 842 287 903 opem
302 826 388 894 votis,
408 825 548 882 immernor
566 825 644 888 artis.
797 874 801 880 .

65 898 238 978 Quocunque
252 901 334 978 aspexi
347 901 415 961 nihil
430 901 466 960 est
485 900 534 959 nist
551 901 643 984 imago
653 900 770 960 mortis:
826 962 829 967 ,

64 979 157 1055 Quam
169 980 252 1037 timeo
262 977 346 1040 dubii
358 997 460 1050 mente,
478 998 531 1059 que
544 980 640 1038 timent
650 986 769 1059 pretori

64 1054 195 1133 Arrigero
205 1073 324 1136 portum,
345 1059 470 1117 terrebor
483 1056 517 1115 ab
529 1059 612 1137 portu
630 1057 711 1139 ipsae
772 1100 777 1106 .

65 1131 156 1192 Terra
168 1132 250 1192 habet
260 1135 318 1212 pius
328 1137 430 1195 timoris
441 1133 531 1195 inferta
541 1134 616 1214 aqui.
628 1182 632 1189 .

64 1209 137 1268 Nam
151 1210 248 1270 laboro
270 1211 344 1272 fimul
363 1212 463 1273 infidiic
483 1212 620 1272 hominum
632 1232 685 1295 que
698 1212 800 1295 pelagi5

65 1293 103 1346 Et
113 1288 177 1348 enfis
197 1293 226 1347 8(
239 1290 310 1361 ur&
323 1291 385 1350 fecit
397 1292 520 1373 geminos
529 1307 627 1362 metus,

32 1369 33 1375 ’
64 1366 174 1425 Vereor
184 1388 218 1425 ne
230 1369 274 1428 ilie
282 1372 365 1448 speret
378 1369 492 1449 predam
500 1387 563 1429 meo
575 1370 717 1450 sanguine,

65 1443 209 1504 Haecveiit
224 1445 320 1504 habere
337 1448 444 1508 titulum
457 1445 550 1519 nostre
569 1446 676 1506 mortis.
860 1460 868 1473 ²
936 1450 1001 1521 3ss

63 1520 142 1579 rava
152 1540 210 1600 parc
222 1522 391 1583 eii-Barbara
403 1522 545 1584 subssrubbt
558 1524 644 1586 avida
661 1524 771 1605 rapine,

63 1596 153 1672 Quam
179 1619 257 1659 cruor
280 1603 309 1660 bc
328 1602 411 1661 cedes
430 1621 482 1681 que
504 1602 575 1662 belia
588 1602 691 1683 semper
713 1600 829 1663 babent.

64 1679 135 1737 Cum
146 1697 235 1757 aequor
246 1677 303 1739 fita
323 1680 417 1740 iterum
430 1677 697 1759 hybernisfluttibus,
809 1702 815 1739 ·.

64 1756 172 1844 Pectora
187 1759 246 1815 sunt
260 1699 406 1820 turbidiora
420 1759 477 1841 ipso
489 1759 566 1819 nuri.
764 1832 771 1844 ,

62 1832 187 1895 candide
207 1836 305 1908 letior,
325 1857 382 1919 quo
393 1838 476 1918 magis
495 1835 579 1898 debet
590 1833 732 1918 ignoscere
742 1831 796 1904 brt,
932 1843 963 1906 35

64 1914 92 1970 Si
102 1910 151 1970 fint
161 1929 191 1970 ut
205 1913 266 1972 sunt
283 1913 412 1976 inferiora
430 1934 476 1975 tut
487 1919 539 1997 spe

62 1990 131 2048 Non
140 1989 272 2049 scribimus
284 1993 340 2052 haec
354 1994 383 2051 in
396 1991 490 2054 nostris
508 1991 592 2053 bottis
604 2001 635 2046 ut
644 1986 795 2067 quondam,

62 2066 123 2124 Nec
132 2086 219 2126 neum
234 2088 329 2149 corpus
342 2069 421 2130 habet
432 2074 557 2131 consuete
570 2067 712 2128 lectulum:

61 2145 154 2224 Jacior
164 2143 193 2202 in
204 2144 338 2206 indomito
353 2147 494 2227 profirndo
513 2143 627 2208 brumaii
639 2145 718 2215 luce;

61 2227 128 2304 Qut
137 2220 229 2282 charta
241 2225 293 2305 ipsa
304 2223 402 2284 feritur
421 2226 537 2287 caeruleis
550 2222 631 2303 aquis.
711 2236 716 2243 ’
928 2238 967 2300 40

61 2299 187 2381 Improba
208 2302 301 2380 hyems
312 2321 425 2384 pugnet,
443 2323 497 2393 que
509 2301 669 2392 indignetur
690 2295 767 2381 quod
782 2297 863 2362 cufim

61 2378 192 2453 Scribere,
221 2383 247 2440 se
270 2383 418 2443 incutiente
439 2381 539 2461 rigidas
560 2399 651 2439 minat.

59 2461 160 2535 flyens
180 2461 271 2521 vincat
293 2462 438 2534 hominem,
458 2459 503 2523 sed
540 2458 609 2519 uaso
622 2456 719 2525 eodem
726 2474 863 2541 tempore,
924 2464 950 2497 ··”

59 2536 119 2615 Ipse
128 2535 236 2600 ibruan
245 2541 355 2603 modum
366 2539 498 2615 cuminis,
517 2538 523 2551 '
547 2536 621 2601 astri·
678 2616 683 2624 .
