2108 3712
60 128 111 193 60
270 28 732 181 talamum

58 235 124 311 Qre
135 242 166 288 ut
180 245 229 285 net
242 242 353 285 'narrem
368 221 473 283 infidias
486 242 539 302 que
554 214 665 358 pencuh
678 220 771 301 capitia
785 216 795 277 ἑ
939 233 972 301 ες

59 308 177 384 Quidem
191 302 248 362 vidi
261 320 325 361 vera
336 302 379 361 sed
392 303 517 381 graviora
532 298 552 359 si
573 322 597 359 e.
1002 327 1005 331 ·

61 387 152 456 Quam
172 382 288 441 miserum
301 378 338 439 eh
355 380 451 439 vivere
463 380 536 437 inter
550 372 707 459 Beffosque,
717 374 865 459 Getastpae,
896 408 900 413 ·

63 465 122 535 Illi,
142 460 189 541 qui
206 463 305 539 semper
323 457 374 516 fuit
386 460 413 515 iu
423 476 471 517 ore
481 456 591 549 populi!

63 543 159 624 Quam
172 538 292 596 miserunt
304 533 342 605 eh
361 536 443 593 vitam
455 551 525 595 tuen
542 549 622 613 pom
633 550 686 615 que
696 551 784 609 muto,

65 620 130 695 Qut
140 618 187 675 vix
200 614 250 674 effe
263 632 350 674 tuturn
361 613 462 672 viribus
473 612 512 673 sui
522 612 594 671 loci!
935 626 978 679 70

62 691 178 777 juvenis
196 691 252 774 sugi
271 696 358 774 aspera
371 690 511 753 certamina
531 687 637 760 militie,

66 778 126 835 Nec
140 772 268 832 movimus
290 790 360 829 arma
375 768 419 827 nist
440 766 526 829 insuti
539 787 626 827 manu.

65 855 137 939 Qte
147 871 217 909 nunt
236 852 321 909 senior
338 846 451 926 subjicio
463 848 530 906 latus
548 846 652 927 gladio,
668 864 722 927 que
733 842 858 908 siniſtram

67 942 163 999 scuto,
180 947 232 1008 que
246 948 330 986 meam
341 927 464 985 canitiem
478 928 567 1005 galeis.
594 988 597 997 ,

67 1012 142 1071 Nam
162 1006 206 1065 ubi
223 1003 307 1063 cuhos
320 1005 394 1063 dedit
409 1003 480 1082 signa
498 1000 626 1061 tumuitus
639 997 656 1059 e*
664 1001 782 1082 specufa,
899 1038 905 1044 -
936 1012 975 1073 75

69 1085 199 1150 Protinus
212 1082 342 1142 induimus
354 1101 426 1140 artua
440 1080 541 1162 trepidi
550 1099 639 1139 uranu.
846 1130 850 1135 .

70 1170 159 1226 Savus
179 1159 260 1220 hostis
271 1160 374 1219 habens
393 1179 475 1232 arcus,
493 1179 545 1240 que
557 1159 610 1217 tela
624 1156 727 1217 imbuta
737 1174 858 1230 veneno,

47 1302 50 1307 ⁴
71 1243 174 1305 Lustra
194 1239 292 1299 moenia
304 1237 440 1297 anhelanti
451 1256 531 1318 equo·
700 1306 705 1315 ,

67 1324 139 1407 Qe
148 1336 178 1377 ut
191 1336 268 1398 rapax
287 1318 360 1397 lupus
381 1315 486 1395 fertque
497 1314 633 1398 refertque
643 1313 782 1396 pecudem,

72 1406 144 1482 Qua
162 1413 218 1454 non
232 1396 297 1454 texit
319 1397 346 1452 se
356 1394 432 1465 ovili,
457 1414 505 1475 per
517 1398 571 1453 sata
587 1415 634 1477 pet
647 1392 732 1455 filvu.
938 1389 981 1447 ⁸⁰

72 1482 114 1539 51<
130 1472 302 1534 ffunuams
325 1472 405 1531 hostis
422 1473 534 1551 repperit
553 1493 631 1553 quem
650 1472 772 1532 nondum

71 1560 216 1632 Receptum
234 1548 294 1608 sede
314 1568 465 1629 portarum,
483 1551 511 1608 in
523 1548 754 1630 campis‚=habet.'

70 1635 170 1711 Capttu
182 1644 226 1687 aut
242 1626 371 1708 sequinu,
401 1645 454 1705 que
467 1629 562 1708 accipit
572 1631 661 1689 vincla

71 1710 171 1788 lnjeda
191 1705 278 1778 collo,
296 1723 342 1766 aut
356 1707 423 1786 perit
436 1705 496 1765 telo
509 1705 626 1766 habente
645 1707 726 1770 virus.

72 1793 133 1869 Ego
146 1785 220 1865 jaceo
235 1784 278 1842 hie
290 1802 379 1843 novus
393 1785 480 1844 incola
492 1786 610 1844 sollicita
624 1784 704 1845 sedis:
943 1780 979 1850 ἴς

71 1867 133 1927 Heu
145 1865 255 1925 nimium
275 1863 357 1944 longa
372 1879 490 1943 tempora
503 1865 554 1923 mei
566 1863 631 1923 fati!

72 1948 109 2004 Bt
122 1962 210 2003 tamen
234 1942 333 2023 hospita
350 1947 421 2002 musa
433 1941 540 2001 sustinet
554 1942 665 2014 reverti,
781 1980 784 1985 -

70 2024 117 2081 Ad
136 2038 332 2098 numerosque
350 2023 460 2100 antiqua
479 2021 589 2079 sactain
606 2022 687 2081 tantia
697 2019 785 2079 malis.

69 2100 122 2159 Sed
138 2115 223 2176 neque
236 2093 409 2176 estquispuam
420 2099 461 2156 cui
476 2099 583 2165 recitem
599 2118 657 2158 mea
668 2099 795 2170 carmina,
817 2112 866 2155 nee
879 2094 927 2175 qui

69 2177 187 2255 Accipiat
211 2175 304 2234 Latina
334 2175 417 2234 verba
439 2175 488 2233 suis
508 2176 624 2236 auribus.
678 2210 681 2215 ·
942 2187 980 2237 ’o

27 2284 30 2288 ·
66 2256 123 2334 Ipse
138 2254 225 2313 scribo
231 2271 276 2330 pue
290 2253 404 2330 legopue
417 2253 480 2310 midai
495 2254 581 2328 (eninr
594 2256 659 2334 quid
673 2253 766 2313 facian
777 2257 805 2327 ἶ)

69 2338 135 2414 Qie
146 2331 236 2390 nostra
249 2333 337 2390 littera
350 2328 385 2389 est
403 2347 460 2389 tuta
483 2335 531 2390 suo
542 2331 642 2410 judicio

71 2411 177 2471 Tamen
199 2413 262 2491 sape
274 2410 340 2483 dixi,
362 2410 404 2467 tui
417 2409 470 2469 hut
484 2429 544 2468 cura
560 2430 629 2469 nunt
641 2407 768 2469 laborati
822 2442 825 2447 ·

70 2491 116 2548 An
139 2492 299 2547 Sauromata:
319 2506 372 2568 que
386 2491 463 2548 Getae
475 2489 568 2569 legent¹
581 2507 639 2548 mea
660 2487 775 2569 scripta?

72 2570 160 2627 Etiam
176 2570 238 2646 sepe
251 2571 372 2643 lacrymat
394 2566 454 2624 sunt
468 2565 578 2644 profusae
589 2587 631 2626 nte
642 2565 786 2637 scribente,
941 2577 981 2636 25·

70 2647 140 2727 Qe
155 2648 243 2704 littera
256 2646 292 2703 est
307 2644 372 2709 fabia
386 2645 492 2702 humida
510 2666 571 2705 tneo
584 2642 658 2704 fletu,

69 2727 139 2804 Qu
153 2744 239 2781 meum
251 2741 297 2781 tor
305 2724 386 2781 sentit
405 2720 504 2780 vetusta
528 2724 640 2783 vulnera
649 2741 775 2803 tanquam
788 2739 873 2794 nova,

68 2805 139 2884 Qu
147 2799 228 2859 imber
240 2798 334 2857 moessae
346 2818 420 2879 aquae
429 2800 527 2857 labitur
537 2801 563 2861 in
583 2800 678 2861 finum.

67 2882 148 2960 Dum(
154 2878 281 2935 recordor
295 2879 354 2936 vice
367 2878 477 2946 mutati,
497 2879 603 2956 quisunt
613 2899 666 2959 que
677 2879 786 2951 fuerim,
864 2902 867 2909 ¹

71 2954 192 3018 Etsubit
207 2952 264 3032 qud
279 2959 307 3014 &
318 2954 390 3015 unde
410 2957 478 3013 casus
502 2957 595 3014 tulerit
607 2978 671 3017 me:

72 3037 144 3114 Saepe
162 3030 272 3102 demens
286 3028 377 3093 manus
392 3037 456 3093 irata
469 3033 566 3104 studiis,
587 3056 641 3114 que
660 3033 720 3106 sibi,

71 3112 145 3171 Misit
158 3106 246 3167 nostra
257 3112 368 3170 carmina
386 3113 414 3172 in
426 3116 527 3171 atstuos
548 3114 642 3173 socos:

72 3194 163 3271 Atque
175 3188 211 3247 ita
220 3189 337 3268 quisquis
350 3212 376 3250 es
389 3192 468 3251 facito
490 3192 562 3271 legas
585 3190 673 3250 ista-de
688 3189 783 3249 multia

73 3272 147 3354 Cuup
168 3262 263 3341 tenid,
284 3271 410 3348 quoniam
432 3291 489 3334 non
504 3271 590 3330 multa
606 3271 754 3351 supersunt.

896 3342 984 3418 Quo·
