2122 3720
44 275 53 335 i
67 276 203 355 propetoi
218 274 324 354 Scythia
337 274 373 334 est
403 296 440 336 uo
451 275 581 335 mittimur

44 353 124 412 tenda
137 353 188 415 est:
210 374 270 414 utra
284 373 359 413 mort
371 296 408 414 eb
429 356 534 433 inquam
553 350 626 434 juste.

44 452 54 489 t
74 447 135 490 atur
147 434 211 492 mihi
223 435 291 491 vivo
304 433 332 490 in
345 451 483 491 eternum:

48 451 133 570 dulcia
147 511 266 570 membra
276 505 337 568 fidae
353 511 466 569 domus:

44 608 110 667 quos
124 607 179 678 ego
192 589 271 649 dilexi
282 587 407 648 fraterno
417 605 508 648 more:

44 667 103 725 ncta
116 667 181 725 mtbi
194 664 381 726 Titesediide!
513 670 516 677 ‘

44 744 174 823 mpiedat,
192 743 301 805 fortaffe
315 763 447 826 nunquam
473 740 567 805 licebit

48 821 115 883 hora
131 842 187 900 quae
200 823 279 882 datur
292 821 358 880 mibi
375 821 409 881 est
423 824 452 881 in
465 824 552 882 lucto.

44 901 157 978 elinquo
175 900 257 960 verba
272 899 401 960 sermonis
414 901 571 980 imperfecta.

44 997 149 1113 quaeppue
163 978 281 1058 proxima
293 997 356 1037 mco
369 981 468 1039 animo.
713 995 753 1046 7⁰,

54 1059 81 1114 ἃ
113 1074 185 1114 emus
197 1055 302 1116 Lucifer
316 1054 484 1118 nitidissimus

44 1135 87 1194 elo
106 1151 183 1193 ottus
197 1151 252 1193 erat
294 1133 351 1193 avis
363 1135 454 1199 nobis.

44 1211 154 1284 daliter,
165 1231 244 1291 quam
261 1153 295 1273 pt
291 1214 417 1293 relinquo
430 1232 489 1274 mea
500 1207 635 1271 membres

44 1289 75 1348 est
85 1289 208 1368 abrumpi
219 1294 266 1349 suo
279 1310 400 1368 corpore.

44 1367 127 1426 doluit
141 1384 203 1427 tuuc
217 1389 275 1425 cum
286 1370 374 1429 versus
393 1374 422 1430 in
435 1368 581 1439 contraria,
721 1380 756 1440 75

44 1467 51 1504 s
65 1447 166 1523 ultores
179 1445 352 1524 proditionis.

44 1524 135 1582 :lamor
144 1543 196 1602 que
208 1523 321 1601 gemitus
336 1541 457 1583 meorum
474 1524 592 1586 exoritur
604 1543 611 1580 :

44 1620 111 1659 ,auus
124 1599 226 1658 feriunt
238 1601 309 1660 nuda
321 1604 437 1680 pectora.
588 1610 592 1617 ’

44 1678 132 1757 :oujux
149 1678 278 1739 inhaerens
290 1678 406 1740 humeris
419 1678 557 1752 abeuntis,

55 1754 138 1817 tristia
148 1756 215 1817 dieu
228 1758 291 1817 meis
300 1759 422 1836 lacrymis
438 1783 448 1837 ς
727 1763 765 1819 80

44 1852 113 1916 potes
132 1836 213 1895 avelli
226 1834 307 1894 hinc:
330 1835 403 1894 fimul
417 1836 521 1908 ibinus,
540 1833 615 1896 finiul

56 1931 103 1974 ero
120 1915 179 1972 exul
199 1912 296 1990 conjux
308 1914 399 1973 exulis.

46 1988 82 2050 est
91 1992 155 2051 mihi
168 1993 196 2049 ἃ
208 1992 302 2051 ultima
315 1991 395 2050 tellus
411 1992 478 2070 capit
489 2009 552 2054 met

44 2089 87 2128 tva
107 2069 205 2130 sarcina
213 2068 340 2202 profugae
360 2069 417 2128 rati.

44 2146 118 2225 jubet
138 2165 167 2206 te
184 2147 210 2205 di
223 2147 318 2205 cedere
341 2167 356 2206 e
366 2144 462 2228 patrii,

44 2226 128 2287 Caesar
146 2227 198 2283 erit
217 2224 269 2283 haec
289 2225 369 2306 pietas
382 2227 458 2286 mihi.

46 2304 89 2376 lia,
106 2302 177 2362 &fic
190 2319 340 2361 tentaverat
352 2321 429 2364 ante:

44 2383 73 2440 lit
94 2401 187 2440 manus
208 2380 285 2438 vidus
297 2381 421 2440 utilitate.

44 2459 83 2517 ive
104 2459 170 2518 illud
184 2475 242 2516 erat
257 2459 321 2516 ferri
341 2457 393 2515 stne
413 2460 522 2528 funere)

44 2538 102 2598 >mis
115 2535 231 2597 immissis
251 2555 297 2614 per
310 2535 376 2592 hirta
388 2557 445 2595 ora.
521 2552 523 2557 '

44 2616 132 2675 dolote
150 2631 274 2672 narratur
290 2611 404 2672 tenebris
424 2611 540 2682 obortis,

48 2693 195 2753 semianimis
208 2689 295 2748 medii
309 2690 402 2751 domo.

44 2774 114 2831 texit
131 2770 256 2842 ,crinibus
269 2768 376 2827 foedmis
386 2770 459 2849 turpi

54 2850 153 2909 levavit
167 2848 286 2906 membra
307 2845 398 2927 gelidi
411 2849 494 2906 humo
507 2864 516 2914 ;

44 2925 107 2989 stade
124 2930 159 2998 se,
179 2926 263 2984 modo
280 2926 401 2984 desertos
422 2938 542 3007 penates,

44 3004 93 3065 effe
111 3024 212 3068 nomen
225 3003 307 3082 erepti
319 3005 369 3061 viti
386 3024 395 3057 t

44 3079 63 3143 ie
80 3083 177 3152 minus,
190 3066 199 3119 5
206 3102 284 3161 quam
299 3082 317 3138 fi
333 3076 438 3140 vidiffet
451 3096 547 3158 corpus

44 3181 95 3221 tum
109 3180 142 3216 ve
156 3158 255 3218 habere
274 3159 381 3218 sstudos
395 3175 487 3235 rogos.

47 3239 118 3298 mori
131 3243 158 3297 &
180 3236 322 3295 metiendo
333 3255 434 3315 ponere
454 3237 558 3297 seusus:

51 3336 108 3378 nou
120 3313 219 3399 petiiffe
230 3316 347 3396 respedtu
360 3315 421 3374 mei.
