2108 3712
132 112 181 189 -ῑ
320 99 689 183 musanus
920 143 962 215 35

70 220 122 281 leta
140 221 260 285 vindicta
269 223 367 283 veteris
380 220 466 280 libelli
490 220 663 296 redundavit,
909 256 961 316 545

72 303 185 380 Etpoena
200 298 306 360 dillata
321 318 441 379 tempore
457 298 495 358 sui
517 300 616 357 meriti.

71 375 162 437 'lamen
178 400 215 438 ne
227 378 316 437 credas
328 397 409 439 omne
427 396 512 434 meum
534 396 600 454 opus
618 377 668 438 elle
686 383 827 459 remilium,

41 488 51 499 ν
71 454 133 536 lupe
144 457 221 516 dedit
255 457 345 516 randia
358 458 417 527 vela
436 454 530 513 noltrae
544 456 605 512 tati.

44 530 53 587 .'
69 536 122 612 Ego
139 534 222 614 scripfi
231 476 287 612 ἐκ,
306 552 359 614 que
370 532 485 593 totidem
499 532 609 606 libellos
628 530 774 598 fastorum:
874 562 878 573 ·

70 608 128 685 Que
143 615 274 671 volumen
301 612 381 671 habet
402 610 481 669 finem
502 630 561 666 cum
581 610 630 668 sno
649 610 744 670 mense.

36 736 39 741 .
98 710 127 747 ue
138 692 232 761 Caesar,
254 694 309 748 sors
327 709 384 749 mea
405 694 474 768 rupit
497 688 522 744 id
538 708 604 768 opus
616 709 701 769 nuper
713 691 846 768 scriotum,

37 760 43 831 i
95 770 269 859 nonomine,
290 770 455 829 &sacratum
467 764 524 824 tibi.
621 778 624 783 “
759 758 767 771 ‘
880 778 883 787 '
962 762 966 767 '

58 847 102 903 Et
115 845 232 905 dedimus
246 847 335 927 regale
348 845 396 905 scri
414 864 471 902 tum
494 843 597 922 tragicis
617 844 755 904 cothurnis
770 865 777 902 τ

58 922 127 1001 Qae
138 921 224 1002 gravis
243 924 389 981 cothurnus
397 867 478 979 labet
494 926 575 980 verba
587 941 645 999 quae
657 921 739 982 debet

105 1021 133 1058 ue
151 1020 263 1080 corpora
275 1004 349 1059 versa
369 1002 397 1059 in
414 1018 497 1057 novas
512 997 589 1057 facies
600 999 669 1058 dieta
682 1000 743 1059 sunt

34 1114 40 1135 .
52 1075 99 1133 N
100 1097 115 1135 o
131 1078 161 1149 is,
176 1079 295 1157 quamvis
306 1079 397 1137 ultima
411 1097 501 1134 manus
513 1076 598 1134 defuit
609 1095 707 1155 coepto.

53 1154 152 1232 Atque
174 1156 273 1214 utinam
291 1175 400 1215 revoces
415 1156 529 1212 animum
543 1154 667 1233 paulisper
684 1155 717 1212 ab
738 1154 786 1227 ira,

11 1236 21 1273 ν’
53 1235 107 1301 Et
117 1232 202 1309 jubeas
216 1253 295 1313 pauca
320 1233 383 1292 hinc
397 1235 452 1311 legi
466 1232 515 1290 tibi
533 1251 618 1289 vacuo
632 1253 640 1287 a

11 1322 15 1335 '
50 1307 154 1381 Pauca,
173 1313 267 1391 quibus
293 1313 379 1369 Caesar
390 1311 499 1388 surgens
519 1309 552 1366 ab
566 1307 647 1386 ptiinai

16 1424 21 1431 ·
53 1384 176 1468 Origine
185 1389 288 1459 muudi,
307 1389 405 1447 deduxi
416 1407 482 1478 opus
494 1388 525 1443 ad
539 1405 581 1444 tua
592 1405 715 1466 tempora

53 1463 189 1545 Alpueres
223 1484 332 1525 uantum
346 1470 457 1545 pectoris
468 1465 518 1542 ipsc
529 1465 635 1522 dederis
650 1465 725 1533 mihi,

58 1487 298 1625 Qtequodavote
318 1547 396 1604 animi
409 1563 498 1602 canam
511 1561 587 1621 teque
603 1543 728 1621 tuosque,

62 1621 189 1751 ffonon
208 1622 325 1682 dillriuxi
343 1641 487 1702 quenquam
511 1621 622 1679 mordici
633 1622 761 1690 cumine,

85 1718 126 1767 ¹ec
144 1719 215 1758 meus
232 1703 321 1759 versus
332 1700 411 1760 habet
426 1698 530 1757 crimina
543 1700 632 1758 ullius.

10 1838 12 1843 ,
69 1772 198 1836 Candidus
209 1779 295 1856 refugi
309 1798 323 1835 a
336 1778 426 1839 salibus
437 1771 535 1836 suffusis
547 1777 611 1833 felle
630 1799 637 1834 :

71 1848 149 1913 Nulla
169 1856 246 1915 litera
266 1853 339 1914 milla
362 1856 398 1914 est
410 1872 547 1913 venenato
568 1851 641 1930 ioco.
740 1886 743 1891 ·

10 1934 12 1943 '
75 1923 143 1991 luter
153 1950 195 1992 tot
209 1935 289 1992 millia
301 1936 403 2014 populi,
422 1933 502 1991 nollri
517 1930 613 2007 scripti,

70 2006 123 2066 Ero
135 2031 210 2081 unus,
230 2032 309 2090 quem
328 2031 384 2071 mea
398 2013 485 2069 Callio
503 2007 629 2066 elalerit.

68 2079 150 2214 {fitur
174 2108 293 2168 auguror
312 2110 369 2146 nou
382 2092 466 2147 ullum
479 2032 613 2160 Quiritem
624 2084 742 2165 gaudere

93 2165 165 2223 ollris
176 2169 262 2237 malis,
281 2185 308 2224 at
323 2169 419 2226 multos
435 2159 579 2224 indoluille.

11 2260 15 2267 ·
64 2231 124 2322 llec
133 2242 167 2301 est
180 2244 307 2302 credibile
319 2265 466 2324 quenquam
481 2241 597 2301 insultari
611 2241 674 2301 mini
685 2239 794 2319 jacenti,

61 2311 82 2368 31
94 2337 150 2398 qua
161 2326 247 2400 gratia
262 2325 345 2381 relatu
361 2322 397 2381 est
414 2342 474 2380 meo
493 2320 612 2379 candori.

59 2387 183 2470 opatu,
202 2420 328 2478 curaque
350 2399 413 2459 salus
425 2419 476 2456 tuae
492 2400 592 2476 patriae,
612 2413 707 2471 precor

56 2461 243 2534 Tuasnumina
257 2474 337 2557 pullat
349 2477 426 2547 flecti,
447 2477 487 2533 his
499 2493 578 2551 atque
598 2473 662 2532 aliis.

50 2536 131 2610 Non
146 2574 174 2610 ut
196 2556 302 2613 redeam
318 2558 344 2610 in
359 2556 513 2619 Ausoniam,
534 2550 579 2607 nili
588 2549 698 2608 forsitan
711 2550 789 2620 olim,

48 2617 220 2690 cumvictus
232 2651 281 2690 ens
293 2634 378 2710 longo
398 2648 518 2709 tempore
530 2647 624 2705 poenae.

79 2715 209 2767 rotutius
220 2730 272 2787 que
288 2722 367 2798 Paulo
378 2713 487 2789 quietius
499 2707 619 2765 exilium.

91 2801 109 2840 t
124 2809 178 2848 mea
192 2807 270 2868 poeua
287 2793 377 2868 lupar
394 2793 441 2848 suo
455 2787 564 2847 delfino.

652 3072 655 3077 ·
740 3042 967 3139 novanti
