2108 3712
78 110 126 205 s4
346 98 760 183 TR1sT1UM

77 230 181 285 favens
194 222 283 302 lingua
297 222 373 296 adsit,
390 221 480 300 oblita
489 220 627 297 nodotum
640 224 791 302 malorum,

78 304 149 375 Quae
161 321 227 383 puto
240 301 370 363 dedidicit
388 300 440 378 jam
455 305 530 385 loqui
546 303 620 363 bona
633 303 720 364 verba
733 324 741 360 ε

76 384 149 519 Qi⁰
162 380 251 451 vestis,
271 401 330 460 quae
342 381 455 439 sumitur
468 380 534 443 miri
547 380 628 445 semel
639 398 704 443 toto
716 403 805 458 auno,

77 464 114 521 Al
135 456 277 519 adiscolor
287 462 351 517 meis
362 456 421 517 fatis
432 459 558 521 sumatur.

77 540 142 614 Que
156 536 248 597 viridis
261 555 306 597 ara
318 536 368 599 fiat
383 537 474 599 viridis
481 539 516 600 de
547 540 666 601 ramineo
679 540 789 624 cespite,

76 624 114 677 Et
123 634 189 675 nexa
199 635 303 676 corona
312 619 386 677 velet
401 617 505 699 tepidos
528 638 605 692 ocos,

76 696 146 754 Puer
160 693 195 754 da
205 694 284 754 thura
298 695 361 755 mihi
381 694 502 756 facientia
509 696 623 787 pingues
633 695 765 775 flammas,

76 779 142 857 Que
152 791 254 832 merum
266 774 339 864 quod
348 773 433 833 fissum
448 776 476 833 in
489 795 535 854 pio
544 776 609 857 igne
618 772 719 838 stridat.

77 853 189 933 Optime
202 854 312 928 natalis,
349 853 450 911 uamvis
464 854 585 914 absumus
597 856 701 935 procul,
711 872 783 939 opto

77 930 179 991 Venias
193 930 245 989 buc
259 872 397 1002 candidus,
410 950 461 1010 que
471 930 596 993 dissimilis
606 951 679 994 mee.

76 1014 113 1067 Et
127 1008 147 1066 si
162 1008 304 1068 miserabile
318 1010 414 1067 vulnus
425 1012 500 1088 quod
515 1011 628 1071 instabat
641 1011 768 1076 dominae.

75 1089 117 1146 Sit
130 1086 265 1170 penitudo
280 1088 341 1148 meis
355 1088 429 1146 malis
439 1093 468 1146 in
480 1110 563 1151 omne
573 1108 689 1171 tempus,
718 1144 723 1159 ,

73 1166 139 1246 Que
153 1166 227 1229 navis
239 1186 292 1247 que
301 1165 338 1227 est
349 1185 434 1247 nuper
442 1168 577 1250 piusquam
587 1168 700 1251 quassata
713 1168 792 1251 gravi

75 1244 210 1317 Procella,
230 1261 273 1307 eet
285 1263 332 1327 per
341 1262 430 1305 tutum
444 1264 530 1321 mare,
548 1250 623 1329 quod
636 1248 762 1331 superesi,

74 1322 127 1383 Illa
139 1324 241 1384 fruatur
253 1324 350 1400 domo,
373 1323 483 1407 quesud
495 1325 573 1403 nats,
590 1346 645 1411 que
658 1328 757 1411 patris.

75 1404 114 1459 Sit
128 1401 188 1463 satis
202 1403 256 1463 haec
269 1402 318 1464 esse
327 1422 370 1463 ere
389 1422 416 1467 ta
426 1404 493 1465 mihi
505 1408 565 1478 uni,

73 1483 110 1537 Et
125 1499 257 1559 qnatenus
280 1502 338 1542 non
396 1481 460 1541 felix
469 1484 497 1541 in
508 1504 572 1545 caro
583 1482 710 1569 conjuge.
762 1558 765 1563 .

73 1558 178 1619 Caetera
191 1578 247 1639 pars
264 1559 326 1618 vitae
337 1578 415 1621 vacet
428 1558 493 1621 tristi
505 1562 585 1622 nube.
829 1626 839 1643 ,

72 1634 157 1695 Vivet
168 1657 220 1717 que
233 1653 304 1696 amet
316 1639 415 1711 virum,
437 1637 544 1713 absens,
561 1640 687 1720 quoniam
703 1640 741 1707 fic
759 1636 885 1725 cogitur,

71 1710 136 1787 Que
148 1718 284 1775 consumat
297 1715 358 1776 suos
369 1735 466 1791 annos,
484 1718 625 1779 diuturnas

71 1796 112 1852 Et
121 1792 261 1872 adjicerem
279 1793 395 1875 nostros,
410 1797 456 1856 sed
470 1798 553 1858 timeo
566 1817 600 1858 ne
607 1803 733 1883 contagia

72 1872 129 1931 Mei
141 1872 188 1933 fati
197 1893 366 1953 corrumpant
379 1876 454 1968 quod
464 1875 521 1966 ipsa¹
529 1877 594 1957 agit.

70 1950 118 2012 ΝΗ
132 1970 234 2011 certum
244 1954 279 2014 est
293 1954 413 2015 homini:
436 1976 495 2035 quis
507 1974 616 2035 putaret
628 1957 700 2036 posse
711 1954 787 2036 fleti,

70 2026 113 2087 Ut
127 2049 180 2109 ego
188 2036 297 2090 facerem
306 2032 360 2092 baec
373 2037 444 2094 sacra
453 2035 481 2093 in
493 2034 586 2111 mediis
595 2038 700 2097 Getis?

69 2107 161 2186 Aspice
171 2125 201 2166 ut
212 2125 316 2167 tumens
328 2130 389 2169 aura
411 2110 482 2172 ferat
496 2111 583 2172 fumos
596 2132 708 2177 coortos

67 2188 92 2240 E
105 2185 195 2256 thure,
212 2186 240 2244 in
254 2187 333 2245 Italas
342 2206 440 2268 partes,
459 2192 487 2247 ἃ
500 2191 595 2249 dextm
606 2194 675 2255 loca.
941 2218 975 2281 30

67 2262 157 2341 Igitur
167 2264 256 2323 sensus
268 2264 334 2324 inest
344 2265 460 2338 nebulis,
480 2288 543 2347 quaa
556 2270 626 2358 ignis
637 2278 743 2355 exigete

67 2343 173 2401 Cetera
183 2362 258 2424 paene
270 2341 379 2424 fugiunt
389 2366 477 2407 mcum
488 2344 636 2409 constitum.

67 2424 139 2482 Cum
154 2429 409 2485 commonefactum
424 2422 472 2485 fiae
487 2432 537 2491 ara
551 2427 675 2503 confilio,

67 2501 215 2575 Fratribus,
233 2504 279 2582 qui
296 2500 394 2580 periise
406 2504 513 2565 alterni
526 2525 618 2580 manu,
826 2558 830 2565 ,

66 2579 125 2659 Ipsa
139 2599 196 2640 atra
210 2579 302 2640 sivilla
314 2582 410 2642 discors
426 2581 610 2662 fibitanquam
766 2654 772 2665 ι
940 2600 972 2667 35

64 2661 215 2721 Mandetur
228 2659 262 2718 ab
276 2659 329 2719 illis
344 2661 470 2721 scinditur
481 2664 510 2721 in
525 2664 589 2721 duas
599 2680 695 2744 partes.

64 2740 178 2796 Memini
189 2739 325 2816 quondam
339 2739 467 2816 loquebar
488 2741 539 2799 hoc
554 2761 612 2799 non
625 2742 693 2820 poss'e
704 2740 774 2817 fieri,

63 2820 101 2872 Et
112 2815 251 2873 Battiades
264 2832 321 2873 erat
335 2813 413 2875 falsus
426 2835 469 2875 me
481 2815 581 2897 judice,

63 2892 144 2949 Nunc
157 2891 237 2950 credo
249 2892 352 2963 omnia,
371 2913 431 2952 cum
444 2912 473 2953 tu
487 2915 573 2974 vapor
586 2916 644 2956 non
656 2896 748 2960 stultus

64 2967 179 3028 Dederis
190 2985 232 3026 tet·
252 2989 266 3027 a
278 2970 312 3029 ab
326 2973 474 3050 Arctoque
488 2990 561 3053 petas
576 2974 726 3040 Ausoniam.
930 2998 972 3059 40

63 3052 138 3126 Ergo
149 3046 203 3105 haec
216 2988 251 3107 ei
262 3050 322 3109 lux:
344 3071 401 3130 quae
414 3049 432 3107 sa
444 3072 500 3110 uon
516 3070 576 3111 otta
588 3052 692 3124 fuitsecg

62 3127 148 3185 Nulla
160 3122 221 3182 seda
235 3128 349 3188 videnda
359 3128 410 3188 fuit
423 3130 485 3189 nihi
499 3132 602 3190 misero.

64 3206 127 3264 Hmc
140 3201 223 3261 edidit
236 3222 324 3283 oequos
333 3229 419 3270 mores
433 3211 484 3269 illis
494 3210 633 3283 heroibus,

61 3284 152 3368 Quis
164 3298 222 3344 erat
239 3284 351 3357 Eetion,
367 3307 419 3369 que
430 3288 526 3352 Icarius
536 3304 618 3369 pater.

800 3456 805 3465 .
890 3368 972 3453 rut,
