2108 3712
31 28 105 43 'vv-—
136 28 141 31 '

243 104 632 184 utrarum.
778 126 872 229 ἰ[4,

31 220 87 282 itari
111 237 142 280 tu
162 239 270 311 quoque
289 219 320 280 lie
340 219 407 280 satia
427 221 504 279 ruina
526 243 589 282 meae
603 243 686 304 poeuce

31 303 108 382 uplo,
128 319 190 379 quia
203 301 287 358 libelli
300 296 390 358 laesdre
411 320 462 358 me.
671 353 674 358 .

31 381 55 438 la
69 394 262 458 pomeretam,
283 379 471 437 tautummodo
496 379 569 438 nulla
581 377 702 458 scamina,

31 478 59 517 re
72 459 116 516 vir
136 457 216 516 discat
229 474 316 515 amare
329 460 344 518 d
358 458 410 514 tuis
422 455 531 534 [criptis.
836 487 871 542 30

31 531 199 596 ›doffiffima
213 553 323 594 remove
350 541 434 593 causae
448 533 561 606 desdiae,

38 613 99 672 redi
113 614 140 672 iu
165 613 250 672 bonae
262 629 343 680 artes,
363 615 391 671 ὅ(
402 631 448 671 tua
460 615 539 671 sacra.

31 691 130 752 decens
144 674 223 751 sacie's
236 690 375 751 vitiabitur
385 693 473 769 lougic
483 692 569 761 annis,

52 770 146 828 senilis·
157 789 187 828 ru
209 789 222 827 a
235 769 286 827 erit
311 771 338 828 in
355 768 462 846 antiqui
477 766 589 831 fronte:

44 848 168 905 damnosa
183 789 299 907 suetus
319 846 416 926 injiciet
440 867 556 919 manum,

42 925 118 984 veuit
132 921 200 1004 passu
214 945 271 984 non
284 923 397 985 faciente
419 923 559 1004 strepitum.

31 1022 107 1062 tcum
117 1003 207 1083 aliquis
218 1004 303 1073 dicet,
323 1003 376 1061 haec
390 1000 441 1062 luit
453 1002 582 1078 formosa,
603 1005 720 1081 dolebis,

32 1088 129 1150 ueree
145 1100 217 1141 tuum
235 1083 364 1161 speculum
379 1080 427 1141 ede
438 1082 560 1142 mendax.

31 1189 35 1213 t
54 1181 79 1218 os
93 1160 152 1219 suut
165 1161 285 1232 modicae,
303 1180 363 1220 cum
378 1157 408 1217 fic
427 1157 577 1238 dignissima
588 1164 707 1242 magnis:

31 1180 102 1320 stige
116 1235 166 1298 else
175 1259 248 1319 pares
262 1236 393 1296 immensu
407 1237 531 1298 centibus,
829 1268 869 1326 40

31 1341 37 1375 r
93 1315 203 1377 fortuna
212 1318 270 1388 dat,
287 1326 339 1395 q'ue
350 1317 415 1398 rapit
424 1316 603 1451 quodcunpue
616 1313 699 1376 libet:

32 1337 99 1456 clito
113 1395 149 1455 est
161 1399 233 1467 lrus,
254 1396 300 1475 qui
311 1394 394 1456 mod‘o
414 1413 472 1453 erat
487 1398 552 1454 Ccoe
566 1414 604 1454 ut.

32 1471 138 1534 'eferam
148 1473 260 1554 singula,
275 1490 396 1532 tenemus
415 1474 452 1534 uil
465 1495 522 1533 uon
535 1472 659 1546 mortale,

32 1555 91 1634 eptis
105 1553 184 1611 bonis
197 1552 309 1632 pedoris
328 1571 379 1631 que
390 1551 499 1633 ingenii.

32 1650 85 1712 ego
105 1652 163 1689 cum
177 1649 278 1691 caream
294 1629 388 1710 patris,
405 1651 457 1711 que
469 1628 559 1702 vobis,
577 1651 630 1711 que
653 1632 751 1707 domo,
828 1655 865 1718 43

32 1730 36 1764 ε
49 1711 98 1768 lint
111 1726 183 1790 rapta
195 1709 267 1782 mihi,
286 1729 344 1790 quae
355 1706 465 1789 potusare
476 1709 564 1780 adimi,

32 1808 74 1847 reu
96 1789 148 1866 ipse
171 1787 335 1866 comitorque
362 1785 493 1867 fruorque
515 1809 575 1848 meo
587 1790 716 1870 ingeniot

32 1885 51 1923 tr
64 1867 150 1946 potuit
171 1865 268 1924 habere
279 1865 345 1924 nihil
358 1865 422 1946 juris
440 1868 469 1925 in
488 1866 549 1926 hoc.

32 1944 94 2003 libet
107 1941 183 2003 finiat
199 1944 268 2003 hanc
289 1944 369 2002 vitam
383 1945 451 2002 saevo
464 1947 536 2015 ense,

32 2040 73 2080 ren
89 2019 157 2081 sama
177 2024 227 2083 erit
248 2018 371 2102 superstes
385 2043 428 2082 me
441 2022 576 2082 exstincto.

44 2100 108 2158 dum
128 2103 218 2161 martia
230 2103 317 2160 Roma
329 2101 420 2161 vidirix
429 2101 566 2182 prospiciet
574 2101 668 2163 orbem

32 2179 110 2238 airum
132 2180 166 2239 de
179 2178 229 2237 suis
244 2179 341 2258 septem
355 2180 502 2252 montibus,
519 2183 602 2260 legar.

32 2276 141 2336 quoque,
157 2267 235 2339 quam
248 2257 351 2317 felicior
364 2256 423 2317 usus
434 2259 509 2320 sludii
524 2278 642 2331 maneat,

32 2353 66 2416 ge
76 2355 205 2402 venturos
236 2355 328 2416 rogos,
347 2335 431 2415 usque
443 2358 494 2416 qua
506 2356 596 2417 potes.

32 2487 881 2517 W

206 2550 287 2666 E'L
312 2598 344 2663 E
365 2598 496 2665 GIA.
539 2598 630 2663 Vlll.

82 2751 110 2809 U
122 2752 183 2809 NC
209 2769 263 2829 ego
289 2765 409 2828 cuperem
432 2748 619 2808 transcendere
645 2766 751 2807 currum
764 2746 876 2830 Tripto-

33 2751 67 2907 ἶ
222 2828 297 2900 lemi,

40 2905 107 2964 mifit
125 2907 191 2966 rude
206 2909 295 2965 semen
309 2907 337 2964 in
350 2905 470 2982 ignotam
489 2901 607 2962 humum.

33 3005 53 3042 ic
66 3002 120 3062 ego
134 2987 232 3043 vellem
248 2984 357 3042 sroeuare
369 2983 498 3042 dracones
509 2983 621 3053 Medeae,
701 3048 703 3054 y

33 3081 57 3120 >s
72 3064 206 3121 Corinthe
221 3063 324 3131 habuit,
344 3060 448 3139 fugiens
462 3056 508 3118 tud
522 3080 590 3118 arce.

33 3161 53 3198 ic
66 3159 119 3223 ego
131 3159 251 3220 optarem
274 3139 376 3196 sumere
386 3155 482 3216 pennas
502 3135 645 3214 jactandas,

33 3236 106 3279 truce
122 3219 229 3295 Perseo,
249 3216 304 3277 five
316 3233 374 3274 tuas
390 3216 519 3276 Daedale:
