<?xml version="1.0" encoding="UTF-8"?>
<!DOCTYPE html PUBLIC "-//W3C//DTD XHTML 1.0 Transitional//EN"
    "http://www.w3.org/TR/xhtml1/DTD/xhtml1-transitional.dtd">
<html xmlns="http://www.w3.org/1999/xhtml" xml:lang="en" lang="en">
 <head>
  <title>
</title>
<meta http-equiv="Content-Type" content="text/html;charset=utf-8" />
  <meta name='ocr-system' content='tesseract 3.04.00' />
  <meta name='ocr-capabilities' content='ocr_page ocr_carea ocr_par ocr_line ocrx_word'/>
</head>
<body>
  <div class='ocr_page' id='page_1' title='image "./tristiumlibriqu00ovidgoog_0299.png"; bbox 0 0 2108 3712; ppageno 0'>
   <div class='ocr_carea' id='block_1_1' title="bbox 18 281 1027 3465">
    <p class='ocr_par' dir='ltr' id='par_1_1' title="bbox 18 281 1027 3465">
     <span class='ocr_line' id='line_1_1' title="bbox 18 281 976 368; baseline -0.003 -22"><span class='ocrx_word' id='word_1_1' title='bbox 18 308 23 317; x_wconf 91' lang='lat'><em>·</em></span> <span class='ocrx_word' id='word_1_2' title='bbox 64 281 237 366; x_wconf 69' lang='lat' dir='ltr'>Qtnutnque</span> <span class='ocrx_word' id='word_1_3' title='bbox 252 289 377 368; x_wconf 81' lang='lat' dir='ltr'><strong>erumpit,</strong></span> <span class='ocrx_word' id='word_1_4' title='bbox 398 283 456 366; x_wconf 78' lang='lat' dir='ltr'>qud</span> <span class='ocrx_word' id='word_1_5' title='bbox 476 285 595 346; x_wconf 75' lang='lat' dir='ltr'>sacerdos</span> <span class='ocrx_word' id='word_1_6' title='bbox 620 304 677 343; x_wconf 88' lang='lat' dir='ltr'>non</span> <span class='ocrx_word' id='word_1_7' title='bbox 700 284 836 360; x_wconf 59' lang='lat' dir='ltr'>finiere·</span> <span class='ocrx_word' id='word_1_8' title='bbox 924 304 976 364; x_wconf 74' lang='lat'>305</span> 
     </span>
     <span class='ocr_line' id='line_1_2' title="bbox 66 360 684 444; baseline 0.002 -20"><span class='ocrx_word' id='word_1_9' title='bbox 66 360 125 424; x_wconf 65' lang='lat' dir='ltr'>Hae</span> <span class='ocrx_word' id='word_1_10' title='bbox 150 367 276 444; x_wconf 82' lang='lat' dir='ltr'>protinus</span> <span class='ocrx_word' id='word_1_11' title='bbox 289 363 327 424; x_wconf 84' lang='lat' dir='ltr'>est</span> <span class='ocrx_word' id='word_1_12' title='bbox 341 369 396 424; x_wconf 75' lang='lat' dir='ltr'>adia</span> <span class='ocrx_word' id='word_1_13' title='bbox 409 385 454 424; x_wconf 88' lang='lat' dir='ltr'>rea</span> <span class='ocrx_word' id='word_1_14' title='bbox 464 365 544 425; x_wconf 90' lang='lat' dir='ltr'>vetiti</span> <span class='ocrx_word' id='word_1_15' title='bbox 558 362 684 426; x_wconf 81' lang='lat' dir='ltr'>criminis.</span> 
     </span>
     <span class='ocr_line' id='line_1_3' title="bbox 30 437 811 516; baseline 0.01 -18"><span class='ocrx_word' id='word_1_16' title='bbox 30 464 33 469; x_wconf 95' lang='lat'>·</span> <span class='ocrx_word' id='word_1_17' title='bbox 68 437 173 500; x_wconf 87' lang='lat' dir='ltr'>Tamen</span> <span class='ocrx_word' id='word_1_18' title='bbox 198 440 307 503; x_wconf 79' lang='lat' dir='ltr'>nonest</span> <span class='ocrx_word' id='word_1_19' title='bbox 327 442 428 502; x_wconf 83' lang='lat' dir='ltr'>facinus</span> <span class='ocrx_word' id='word_1_20' title='bbox 442 443 570 502; x_wconf 84' lang='lat' dir='ltr'>evolvere</span> <span class='ocrx_word' id='word_1_21' title='bbox 583 442 680 501; x_wconf 83' lang='lat' dir='ltr'>molles</span> <span class='ocrx_word' id='word_1_22' title='bbox 697 440 788 506; x_wconf 77' lang='lat' dir='ltr'>versus</span> <span class='ocrx_word' id='word_1_23' title='bbox 800 463 811 516; x_wconf 79' lang='lat'>3</span> 
     </span>
     <span class='ocr_line' id='line_1_4' title="bbox 29 517 636 600; baseline 0.003 -23"><span class='ocrx_word' id='word_1_24' title='bbox 29 578 35 587; x_wconf 71' lang='grc'><strong>,</strong></span> <span class='ocrx_word' id='word_1_25' title='bbox 63 517 138 578; x_wconf 84' lang='lat' dir='ltr'>Lit&#39;et</span> <span class='ocrx_word' id='word_1_26' title='bbox 151 519 226 579; x_wconf 73' lang='lat' dir='ltr'>castae</span> <span class='ocrx_word' id='word_1_27' title='bbox 238 523 330 600; x_wconf 84' lang='lat' dir='ltr'>legant</span> <span class='ocrx_word' id='word_1_28' title='bbox 343 523 426 580; x_wconf 88' lang='lat' dir='ltr'>multa</span> <span class='ocrx_word' id='word_1_29' title='bbox 440 519 636 579; x_wconf 82' lang='lat' dir='ltr'>nonfacienda.</span> 
     </span>
     <span class='ocr_line' id='line_1_5' title="bbox 62 596 723 678; baseline 0.002 -23"><span class='ocrx_word' id='word_1_30' title='bbox 62 596 195 655; x_wconf 84' lang='lat' dir='ltr'>Matrona</span> <span class='ocrx_word' id='word_1_31' title='bbox 220 599 306 658; x_wconf 84' lang='lat' dir='ltr'>severi</span> <span class='ocrx_word' id='word_1_32' title='bbox 325 598 452 678; x_wconf 85' lang='lat' dir='ltr'>supercilii</span> <span class='ocrx_word' id='word_1_33' title='bbox 464 597 528 676; x_wconf 82' lang='lat' dir='ltr'>saepe</span> <span class='ocrx_word' id='word_1_34' title='bbox 550 596 627 655; x_wconf 88' lang='lat' dir='ltr'>videt</span> <span class='ocrx_word' id='word_1_35' title='bbox 638 597 723 656; x_wconf 84' lang='lat' dir='ltr'>nudas</span> 
     </span>
     <span class='ocr_line' id='line_1_6' title="bbox 55 673 973 756; baseline -0.002 -22"><span class='ocrx_word' id='word_1_36' title='bbox 55 673 211 734; x_wconf 62' lang='lat' dir='ltr'>&amp;stantes</span> <span class='ocrx_word' id='word_1_37' title='bbox 225 675 258 734; x_wconf 92' lang='lat' dir='ltr'>ad</span> <span class='ocrx_word' id='word_1_38' title='bbox 272 696 354 734; x_wconf 89' lang='lat' dir='ltr'>omne</span> <span class='ocrx_word' id='word_1_39' title='bbox 366 694 453 756; x_wconf 80' lang='lat' dir='ltr'>gentas</span> <span class='ocrx_word' id='word_1_40' title='bbox 467 674 589 736; x_wconf 82' lang='lat' dir='ltr'>Venetis.</span> <span class='ocrx_word' id='word_1_41' title='bbox 917 694 973 752; x_wconf 75' lang='lat'>310</span> 
     </span>
     <span class='ocr_line' id='line_1_7' title="bbox 51 752 719 833; baseline 0.007 -24"><span class='ocrx_word' id='word_1_42' title='bbox 51 752 150 811; x_wconf 82' lang='lat' dir='ltr'>Oculi</span> <span class='ocrx_word' id='word_1_43' title='bbox 155 753 274 814; x_wconf 83' lang='lat' dir='ltr'>Vestales</span> <span class='ocrx_word' id='word_1_44' title='bbox 287 773 402 813; x_wconf 88' lang='lat' dir='ltr'>cernunt</span> <span class='ocrx_word' id='word_1_45' title='bbox 416 754 564 812; x_wconf 84' lang='lat' dir='ltr'>meretricia</span> <span class='ocrx_word' id='word_1_46' title='bbox 576 755 719 833; x_wconf 77' lang='lat' dir='ltr'>corporat</span> 
     </span>
     <span class='ocr_line' id='line_1_8' title="bbox 50 827 734 913; baseline 0.007 -27"><span class='ocrx_word' id='word_1_47' title='bbox 50 827 125 888; x_wconf 79' lang='lat' dir='ltr'>Nec</span> <span class='ocrx_word' id='word_1_48' title='bbox 144 849 232 890; x_wconf 79' lang='lat' dir='ltr'>earet</span> <span class='ocrx_word' id='word_1_49' title='bbox 244 832 297 890; x_wconf 80' lang='lat' dir='ltr'>fuit</span> <span class='ocrx_word' id='word_1_50' title='bbox 311 835 380 892; x_wconf 84' lang='lat' dir='ltr'>causa</span> <span class='ocrx_word' id='word_1_51' title='bbox 394 850 479 913; x_wconf 76' lang='lat' dir='ltr'>poenae</span> <span class='ocrx_word' id='word_1_52' title='bbox 499 831 624 896; x_wconf 87' lang='lat' dir='ltr'>domino.</span> <span class='ocrx_word' id='word_1_53' title='bbox 729 876 734 884; x_wconf 84' lang='lat'><strong>·</strong></span> 
     </span>
     <span class='ocr_line' id='line_1_9' title="bbox 41 907 734 987; baseline 0.004 -23"><span class='ocrx_word' id='word_1_54' title='bbox 41 907 105 965; x_wconf 68' lang='lat' dir='ltr'>At</span> <span class='ocrx_word' id='word_1_55' title='bbox 127 927 211 987; x_wconf 85' lang='lat' dir='ltr'>quate</span> <span class='ocrx_word' id='word_1_56' title='bbox 230 907 266 968; x_wconf 81' lang='lat' dir='ltr'>ert</span> <span class='ocrx_word' id='word_1_57' title='bbox 281 911 363 968; x_wconf 86' lang='lat' dir='ltr'>nimia</span> <span class='ocrx_word' id='word_1_58' title='bbox 375 910 476 968; x_wconf 82' lang='lat' dir='ltr'>lascivia</span> <span class='ocrx_word' id='word_1_59' title='bbox 492 911 521 967; x_wconf 87' lang='lat' dir='ltr'>in</span> <span class='ocrx_word' id='word_1_60' title='bbox 534 907 620 968; x_wconf 80' lang='lat' dir='ltr'>nostra</span> <span class='ocrx_word' id='word_1_61' title='bbox 635 907 734 970; x_wconf 62' lang='lat' dir='ltr'>must}</span> 
     </span>
     <span class='ocr_line' id='line_1_10' title="bbox 39 984 732 1066; baseline 0.006 -26"><span class='ocrx_word' id='word_1_62' title='bbox 39 984 172 1044; x_wconf 72' lang='lat' dir='ltr'>Cur-ve</span> <span class='ocrx_word' id='word_1_63' title='bbox 185 1007 256 1046; x_wconf 85' lang='lat' dir='ltr'>meus</span> <span class='ocrx_word' id='word_1_64' title='bbox 270 989 338 1047; x_wconf 86' lang='lat' dir='ltr'>libet</span> <span class='ocrx_word' id='word_1_65' title='bbox 358 988 450 1047; x_wconf 84' lang='lat' dir='ltr'>suadet</span> <span class='ocrx_word' id='word_1_66' title='bbox 471 987 593 1066; x_wconf 80' lang='lat' dir='ltr'>cuiquam</span> <span class='ocrx_word' id='word_1_67' title='bbox 619 987 732 1046; x_wconf 68' lang='lat' dir='ltr'>amate}</span> 
     </span>
     <span class='ocr_line' id='line_1_11' title="bbox 39 1057 965 1146; baseline 0.012 -28"><span class='ocrx_word' id='word_1_68' title='bbox 39 1057 115 1120; x_wconf 65' lang='lat' dir='ltr'>keil</span> <span class='ocrx_word' id='word_1_69' title='bbox 140 1062 335 1144; x_wconf 70' lang='lat' dir='ltr'>nifipettatum</span> <span class='ocrx_word' id='word_1_70' title='bbox 351 1069 379 1124; x_wconf 87' lang='lat'>&amp;</span> <span class='ocrx_word' id='word_1_71' title='bbox 400 1064 533 1123; x_wconf 77' lang='lat' dir='ltr'>manifesta</span> <span class='ocrx_word' id='word_1_72' title='bbox 553 1068 627 1146; x_wconf 84' lang='lat' dir='ltr'>culpa</span> <span class='ocrx_word' id='word_1_73' title='bbox 639 1064 676 1125; x_wconf 84' lang='lat' dir='ltr'>est</span> <span class='ocrx_word' id='word_1_74' title='bbox 689 1064 816 1129; x_wconf 77' lang='lat' dir='ltr'>fatenda:</span> <span class='ocrx_word' id='word_1_75' title='bbox 908 1069 965 1146; x_wconf 71' lang='lat'>&#39;315</span> 
     </span>
     <span class='ocr_line' id='line_1_12' title="bbox 40 1133 531 1223; baseline 0.016 -29"><span class='ocrx_word' id='word_1_76' title='bbox 40 1133 186 1200; x_wconf 67' lang='lat' dir='ltr'>Paenitet</span> <span class='ocrx_word' id='word_1_77' title='bbox 196 1144 251 1202; x_wconf 83' lang='lat' dir='ltr'>mei</span> <span class='ocrx_word' id='word_1_78' title='bbox 261 1144 358 1223; x_wconf 88' lang='lat' dir='ltr'>ingenii</span> <span class='ocrx_word' id='word_1_79' title='bbox 370 1163 422 1222; x_wconf 86' lang='lat' dir='ltr'>que</span> <span class='ocrx_word' id='word_1_80' title='bbox 432 1143 531 1220; x_wconf 83' lang='lat' dir='ltr'>judicii.</span> 
     </span>
     <span class='ocr_line' id='line_1_13' title="bbox 38 1217 877 1301; baseline 0.008 -25"><span class='ocrx_word' id='word_1_81' title='bbox 38 1217 122 1276; x_wconf 69' lang='lat' dir='ltr'>Cur</span> <span class='ocrx_word' id='word_1_82' title='bbox 135 1239 196 1293; x_wconf 81' lang='lat' dir='ltr'>non</span> <span class='ocrx_word' id='word_1_83' title='bbox 207 1220 294 1300; x_wconf 84' lang='lat' dir='ltr'>potius</span> <span class='ocrx_word' id='word_1_84' title='bbox 305 1222 403 1301; x_wconf 84' lang='lat' dir='ltr'>Troja,</span> <span class='ocrx_word' id='word_1_85' title='bbox 414 1241 471 1300; x_wconf 84' lang='lat' dir='ltr'>quae</span> <span class='ocrx_word' id='word_1_86' title='bbox 480 1219 595 1278; x_wconf 83' lang='lat' dir='ltr'>contidit</span> <span class='ocrx_word' id='word_1_87' title='bbox 606 1222 738 1299; x_wconf 77' lang='lat' dir='ltr'><strong>Argolicis</strong></span> <span class='ocrx_word' id='word_1_88' title='bbox 748 1225 838 1296; x_wconf 81' lang='lat' dir='ltr'>armis,</span> <span class='ocrx_word' id='word_1_89' title='bbox 870 1266 877 1273; x_wconf 84' lang='lat'><em>-</em></span> 
     </span>
     <span class='ocr_line' id='line_1_14' title="bbox 35 1291 809 1358; baseline -0.005 -3"><span class='ocrx_word' id='word_1_90' title='bbox 35 1291 109 1355; x_wconf 62' lang='lat' dir='ltr'>1]st</span> <span class='ocrx_word' id='word_1_91' title='bbox 126 1300 225 1357; x_wconf 84' lang='lat' dir='ltr'>iterum</span> <span class='ocrx_word' id='word_1_92' title='bbox 244 1317 338 1357; x_wconf 84' lang='lat' dir='ltr'>vexata</span> <span class='ocrx_word' id='word_1_93' title='bbox 364 1319 427 1358; x_wconf 91' lang='lat' dir='ltr'>meo</span> <span class='ocrx_word' id='word_1_94' title='bbox 448 1300 594 1357; x_wconf 79' lang='lat' dir='ltr'>carmine?</span> <span class='ocrx_word' id='word_1_95' title='bbox 806 1347 809 1351; x_wconf 79' lang='grc'>,</span> 
     </span>
     <span class='ocr_line' id='line_1_15' title="bbox 25 1371 787 1437; baseline 0.005 -6"><span class='ocrx_word' id='word_1_96' title='bbox 25 1371 118 1432; x_wconf 70' lang='lat' dir='ltr'>(lut</span> <span class='ocrx_word' id='word_1_97' title='bbox 130 1379 201 1436; x_wconf 75' lang='lat' dir='ltr'>tacui</span> <span class='ocrx_word' id='word_1_98' title='bbox 223 1378 332 1437; x_wconf 79' lang='lat' dir='ltr'>Thebas</span> <span class='ocrx_word' id='word_1_99' title='bbox 346 1377 356 1434; x_wconf 75' lang='grc' dir='ltr'>ἔ</span> <span class='ocrx_word' id='word_1_100' title='bbox 374 1379 402 1435; x_wconf 88' lang='lat'>&amp;</span> <span class='ocrx_word' id='word_1_101' title='bbox 415 1395 504 1435; x_wconf 81' lang='lat' dir='ltr'>mutua</span> <span class='ocrx_word' id='word_1_102' title='bbox 527 1378 637 1436; x_wconf 85' lang='lat' dir='ltr'>vulnera</span> <span class='ocrx_word' id='word_1_103' title='bbox 651 1374 787 1435; x_wconf 66' lang='lat' dir='ltr'>fratrum}</span> 
     </span>
     <span class='ocr_line' id='line_1_16' title="bbox 49 1450 969 1536; baseline 0.002 -27"><span class='ocrx_word' id='word_1_104' title='bbox 49 1450 102 1510; x_wconf 65' lang='lat' dir='ltr'>lt</span> <span class='ocrx_word' id='word_1_105' title='bbox 115 1452 214 1533; x_wconf 80' lang='lat' dir='ltr'>septem</span> <span class='ocrx_word' id='word_1_106' title='bbox 233 1473 326 1536; x_wconf 85' lang='lat' dir='ltr'>portas</span> <span class='ocrx_word' id='word_1_107' title='bbox 339 1473 469 1534; x_wconf 85' lang='lat' dir='ltr'>quamque</span> <span class='ocrx_word' id='word_1_108' title='bbox 483 1454 529 1512; x_wconf 89' lang='lat' dir='ltr'>snb</span> <span class='ocrx_word' id='word_1_109' title='bbox 552 1454 600 1514; x_wconf 87' lang='lat' dir='ltr'>suo</span> <span class='ocrx_word' id='word_1_110' title='bbox 621 1453 712 1511; x_wconf 65' lang='lat' dir='ltr'>duce!</span> <span class='ocrx_word' id='word_1_111' title='bbox 913 1474 969 1534; x_wconf 56' lang='grc' dir='ltr'>μα</span> 
     </span>
     <span class='ocr_line' id='line_1_17' title="bbox 44 1524 968 1610; baseline 0.006 -24"><span class='ocrx_word' id='word_1_112' title='bbox 44 1524 297 1592; x_wconf 68' lang='grc' dir='ltr'>ἷΒεΙΙαετὶκΚοωα</span> <span class='ocrx_word' id='word_1_113' title='bbox 317 1554 377 1592; x_wconf 90' lang='lat' dir='ltr'>non</span> <span class='ocrx_word' id='word_1_114' title='bbox 399 1534 511 1610; x_wconf 84' lang='lat' dir='ltr'>negabat</span> <span class='ocrx_word' id='word_1_115' title='bbox 536 1531 673 1591; x_wconf 85' lang='lat' dir='ltr'>materiam</span> <span class='ocrx_word' id='word_1_116' title='bbox 698 1531 773 1606; x_wconf 83' lang='lat' dir='ltr'>milti,</span> <span class='ocrx_word' id='word_1_117' title='bbox 909 1530 912 1536; x_wconf 68' lang='grc'>’</span> <span class='ocrx_word' id='word_1_118' title='bbox 943 1528 968 1564; x_wconf 62' lang='grc'>”</span> 
     </span>
     <span class='ocr_line' id='line_1_18' title="bbox 49 1607 632 1689; baseline 0.005 -24"><span class='ocrx_word' id='word_1_119' title='bbox 49 1607 99 1666; x_wconf 64' lang='grc' dir='ltr'>Ξῖ</span> <span class='ocrx_word' id='word_1_120' title='bbox 111 1607 148 1668; x_wconf 83' lang='lat' dir='ltr'>est</span> <span class='ocrx_word' id='word_1_121' title='bbox 169 1611 228 1688; x_wconf 82' lang='lat' dir='ltr'>pius</span> <span class='ocrx_word' id='word_1_122' title='bbox 248 1613 325 1671; x_wconf 84' lang='lat' dir='ltr'>labor</span> <span class='ocrx_word' id='word_1_123' title='bbox 338 1610 439 1669; x_wconf 84' lang='lat' dir='ltr'>referte</span> <span class='ocrx_word' id='word_1_124' title='bbox 452 1609 517 1669; x_wconf 76' lang='lat' dir='ltr'>faeta</span> <span class='ocrx_word' id='word_1_125' title='bbox 535 1613 632 1689; x_wconf 80' lang='lat' dir='ltr'>pattiae.</span> 
     </span>
     <span class='ocr_line' id='line_1_19' title="bbox 60 1685 773 1768; baseline 0.006 -24"><span class='ocrx_word' id='word_1_126' title='bbox 60 1685 192 1768; x_wconf 69' lang='lat' dir='ltr'>Denique</span> <span class='ocrx_word' id='word_1_127' title='bbox 214 1691 301 1749; x_wconf 82' lang='lat' dir='ltr'>Caesat</span> <span class='ocrx_word' id='word_1_128' title='bbox 320 1709 379 1748; x_wconf 87' lang='lat' dir='ltr'>cum</span> <span class='ocrx_word' id='word_1_129' title='bbox 395 1687 542 1767; x_wconf 83' lang='lat' dir='ltr'>impleveris</span> <span class='ocrx_word' id='word_1_130' title='bbox 560 1689 652 1746; x_wconf 76' lang='lat' dir='ltr'>omnia</span> <span class='ocrx_word' id='word_1_131' title='bbox 665 1687 773 1760; x_wconf 80' lang='lat' dir='ltr'>metitis,</span> 
     </span>
     <span class='ocr_line' id='line_1_20' title="bbox 64 1761 659 1846; baseline 0.005 -27"><span class='ocrx_word' id='word_1_132' title='bbox 64 1761 129 1824; x_wconf 87' lang='lat' dir='ltr'>Una</span> <span class='ocrx_word' id='word_1_133' title='bbox 141 1784 200 1846; x_wconf 83' lang='lat' dir='ltr'>pars</span> <span class='ocrx_word' id='word_1_134' title='bbox 219 1766 255 1824; x_wconf 87' lang='lat' dir='ltr'>de</span> <span class='ocrx_word' id='word_1_135' title='bbox 275 1767 365 1829; x_wconf 77' lang='lat' dir='ltr'>multis</span> <span class='ocrx_word' id='word_1_136' title='bbox 390 1765 442 1824; x_wconf 86' lang='lat' dir='ltr'>fuit</span> <span class='ocrx_word' id='word_1_137' title='bbox 454 1765 570 1823; x_wconf 86' lang='lat' dir='ltr'>canenda</span> <span class='ocrx_word' id='word_1_138' title='bbox 591 1764 659 1823; x_wconf 87' lang='lat' dir='ltr'>mihi.</span> 
     </span>
     <span class='ocr_line' id='line_1_21' title="bbox 60 1839 964 1925; baseline 0.007 -27"><span class='ocrx_word' id='word_1_139' title='bbox 60 1839 157 1925; x_wconf 83' lang='lat' dir='ltr'>thue</span> <span class='ocrx_word' id='word_1_140' title='bbox 179 1844 310 1904; x_wconf 80' lang='lat' dir='ltr'>radiantia</span> <span class='ocrx_word' id='word_1_141' title='bbox 333 1847 431 1903; x_wconf 84' lang='lat' dir='ltr'>lumina</span> <span class='ocrx_word' id='word_1_142' title='bbox 453 1842 514 1902; x_wconf 87' lang='lat' dir='ltr'>solis</span> <span class='ocrx_word' id='word_1_143' title='bbox 527 1841 634 1900; x_wconf 88' lang='lat' dir='ltr'>trahunt</span> <span class='ocrx_word' id='word_1_144' title='bbox 646 1842 754 1900; x_wconf 81' lang='lat' dir='ltr'><strong>oculos:</strong></span> <span class='ocrx_word' id='word_1_145' title='bbox 899 1876 901 1880; x_wconf 32' lang='grc' dir='ltr'><em>ν</em></span> <span class='ocrx_word' id='word_1_146' title='bbox 910 1859 964 1922; x_wconf 76' lang='lat'>325</span> 
     </span>
     <span class='ocr_line' id='line_1_22' title="bbox 60 1919 966 1983; baseline -0.003 -5"><span class='ocrx_word' id='word_1_147' title='bbox 60 1921 107 1979; x_wconf 86' lang='lat' dir='ltr'>Sit</span> <span class='ocrx_word' id='word_1_148' title='bbox 126 1939 172 1980; x_wconf 85' lang='lat' dir='ltr'>tua</span> <span class='ocrx_word' id='word_1_149' title='bbox 187 1923 257 1981; x_wconf 68' lang='lat' dir='ltr'>badia</span> <span class='ocrx_word' id='word_1_150' title='bbox 270 1922 406 1983; x_wconf 77' lang='lat' dir='ltr'>traxissent</span> <span class='ocrx_word' id='word_1_151' title='bbox 427 1941 515 1979; x_wconf 89' lang='lat' dir='ltr'>meum</span> <span class='ocrx_word' id='word_1_152' title='bbox 528 1919 650 1978; x_wconf 82' lang='lat' dir='ltr'>animum.</span> <span class='ocrx_word' id='word_1_153' title='bbox 964 1919 966 1923; x_wconf 78' lang='grc'><strong>’</strong></span> 
     </span>
     <span class='ocr_line' id='line_1_23' title="bbox 64 1996 783 2079; baseline -0.003 -23"><span class='ocrx_word' id='word_1_154' title='bbox 64 2000 175 2079; x_wconf 83' lang='lat' dir='ltr'>Argunt</span> <span class='ocrx_word' id='word_1_155' title='bbox 186 2000 339 2065; x_wconf 64' lang='lat' dir='ltr'>immeritbg</span> <span class='ocrx_word' id='word_1_156' title='bbox 353 2001 445 2069; x_wconf 57' lang='lat' dir='ltr'>,tenuis</span> <span class='ocrx_word' id='word_1_157' title='bbox 457 2018 570 2078; x_wconf 72' lang='lat' dir='ltr'>ternpus</span> <span class='ocrx_word' id='word_1_158' title='bbox 592 2015 682 2056; x_wconf 88' lang='lat' dir='ltr'>aratur</span> <span class='ocrx_word' id='word_1_159' title='bbox 694 1996 761 2058; x_wconf 90' lang='lat' dir='ltr'>mihi</span> <span class='ocrx_word' id='word_1_160' title='bbox 776 2016 783 2054; x_wconf 77' lang='lat' dir='ltr'>t</span> 
     </span>
     <span class='ocr_line' id='line_1_24' title="bbox 63 2076 573 2159; baseline 0.008 -27"><span class='ocrx_word' id='word_1_161' title='bbox 63 2077 132 2139; x_wconf 89' lang='lat' dir='ltr'>Illud</span> <span class='ocrx_word' id='word_1_162' title='bbox 152 2095 207 2137; x_wconf 86' lang='lat' dir='ltr'>etat</span> <span class='ocrx_word' id='word_1_163' title='bbox 221 2098 287 2158; x_wconf 87' lang='lat' dir='ltr'>opus</span> <span class='ocrx_word' id='word_1_164' title='bbox 298 2088 399 2159; x_wconf 79' lang='lat' dir='ltr'>&#39;magnae</span> <span class='ocrx_word' id='word_1_165' title='bbox 416 2076 573 2137; x_wconf 78' lang='lat' dir='ltr'>fertilitatis.</span> 
     </span>
     <span class='ocr_line' id='line_1_25' title="bbox 62 2153 714 2235; baseline -0.002 -23"><span class='ocrx_word' id='word_1_166' title='bbox 62 2156 88 2213; x_wconf 83' lang='lat' dir='ltr'>Si</span> <span class='ocrx_word' id='word_1_167' title='bbox 105 2173 162 2235; x_wconf 76' lang='lat' dir='ltr'>quae</span> <span class='ocrx_word' id='word_1_168' title='bbox 174 2159 270 2232; x_wconf 85' lang='lat' dir='ltr'>cymba</span> <span class='ocrx_word' id='word_1_169' title='bbox 286 2157 369 2232; x_wconf 86' lang='lat' dir='ltr'>audet</span> <span class='ocrx_word' id='word_1_170' title='bbox 382 2157 475 2216; x_wconf 85' lang='lat' dir='ltr'>ludere</span> <span class='ocrx_word' id='word_1_171' title='bbox 486 2157 515 2214; x_wconf 86' lang='lat' dir='ltr'>itt</span> <span class='ocrx_word' id='word_1_172' title='bbox 527 2155 625 2235; x_wconf 85' lang='lat' dir='ltr'>exiguo</span> <span class='ocrx_word' id='word_1_173' title='bbox 644 2153 714 2226; x_wconf 84' lang='lat' dir='ltr'>latu,</span> 
     </span>
     <span class='ocr_line' id='line_1_26' title="bbox 62 2233 1027 2314; baseline 0.003 -24"><span class='ocrx_word' id='word_1_174' title='bbox 62 2233 128 2293; x_wconf 85' lang='lat' dir='ltr'>Non</span> <span class='ocrx_word' id='word_1_175' title='bbox 144 2233 208 2292; x_wconf 88' lang='lat' dir='ltr'>ideo</span> <span class='ocrx_word' id='word_1_176' title='bbox 226 2235 309 2294; x_wconf 87' lang='lat' dir='ltr'>debet</span> <span class='ocrx_word' id='word_1_177' title='bbox 331 2233 439 2313; x_wconf 83' lang='lat' dir='ltr'>credere</span> <span class='ocrx_word' id='word_1_178' title='bbox 457 2240 483 2294; x_wconf 88' lang='lat' dir='ltr'>se</span> <span class='ocrx_word' id='word_1_179' title='bbox 503 2234 607 2314; x_wconf 86' lang='lat' dir='ltr'>pelago.</span> <span class='ocrx_word' id='word_1_180' title='bbox 910 2248 965 2305; x_wconf 76' lang='lat'>330</span> <span class='ocrx_word' id='word_1_181' title='bbox 1024 2272 1027 2277; x_wconf 91' lang='lat'><em>-</em></span> 
     </span>
     <span class='ocr_line' id='line_1_27' title="bbox 63 2306 847 2388; baseline -0.005 -19"><span class='ocrx_word' id='word_1_182' title='bbox 63 2316 97 2369; x_wconf 82' lang='lat' dir='ltr'>Et</span> <span class='ocrx_word' id='word_1_183' title='bbox 116 2311 225 2370; x_wconf 81' lang='lat' dir='ltr'>t&#39;otfitan</span> <span class='ocrx_word' id='word_1_184' title='bbox 242 2313 363 2372; x_wconf 89' lang='lat' dir='ltr'>dubitem</span> <span class='ocrx_word' id='word_1_185' title='bbox 386 2310 455 2381; x_wconf 77' lang='lat' dir='ltr'><strong>hoc,&#39;</strong></span> <span class='ocrx_word' id='word_1_186' title='bbox 467 2310 511 2370; x_wconf 87' lang='lat' dir='ltr'>fitn</span> <span class='ocrx_word' id='word_1_187' title='bbox 531 2310 592 2369; x_wconf 82' lang='lat' dir='ltr'>satis</span> <span class='ocrx_word' id='word_1_188' title='bbox 612 2323 687 2388; x_wconf 76' lang='lat' dir='ltr'>aptus</span> <span class='ocrx_word' id='word_1_189' title='bbox 701 2306 847 2368; x_wconf 75' lang='lat' dir='ltr'>levioribus</span> 
     </span>
     <span class='ocr_line' id='line_1_28' title="bbox 64 2387 711 2470; baseline -0.003 -25"><span class='ocrx_word' id='word_1_190' title='bbox 64 2387 200 2460; x_wconf 82' lang='lat' dir='ltr'>Numetit,</span> <span class='ocrx_word' id='word_1_191' title='bbox 220 2411 271 2469; x_wconf 88' lang='lat' dir='ltr'>que</span> <span class='ocrx_word' id='word_1_192' title='bbox 285 2387 409 2449; x_wconf 87' lang='lat' dir='ltr'>sufficiam</span> <span class='ocrx_word' id='word_1_193' title='bbox 428 2389 457 2449; x_wconf 90' lang='lat' dir='ltr'>in</span> <span class='ocrx_word' id='word_1_194' title='bbox 475 2408 573 2470; x_wconf 82' lang='lat' dir='ltr'>parvos</span> <span class='ocrx_word' id='word_1_195' title='bbox 594 2388 711 2445; x_wconf 83' lang='lat' dir='ltr'>modos:</span> 
     </span>
     <span class='ocr_line' id='line_1_29' title="bbox 62 2466 650 2546; baseline 0 -23"><span class='ocrx_word' id='word_1_196' title='bbox 62 2468 99 2525; x_wconf 79' lang='lat' dir='ltr'>At</span> <span class='ocrx_word' id='word_1_197' title='bbox 110 2467 129 2525; x_wconf 81' lang='lat' dir='ltr'>fi</span> <span class='ocrx_word' id='word_1_198' title='bbox 140 2466 231 2544; x_wconf 83' lang='lat' dir='ltr'>jubeat</span> <span class='ocrx_word' id='word_1_199' title='bbox 245 2490 287 2527; x_wconf 90' lang='lat' dir='ltr'>tne</span> <span class='ocrx_word' id='word_1_200' title='bbox 301 2470 385 2529; x_wconf 84' lang='lat' dir='ltr'>dicere</span> <span class='ocrx_word' id='word_1_201' title='bbox 398 2467 520 2546; x_wconf 85' lang='lat' dir='ltr'>gigantes</span> <span class='ocrx_word' id='word_1_202' title='bbox 533 2466 650 2523; x_wconf 84' lang='lat' dir='ltr'>domitos</span> 
     </span>
     <span class='ocr_line' id='line_1_30' title="bbox 64 2543 679 2622; baseline 0 -23"><span class='ocrx_word' id='word_1_203' title='bbox 64 2544 130 2622; x_wconf 85' lang='lat' dir='ltr'>Igne</span> <span class='ocrx_word' id='word_1_204' title='bbox 143 2544 242 2622; x_wconf 66' lang='lat' dir='ltr'>jovi53</span> <span class='ocrx_word' id='word_1_205' title='bbox 261 2568 329 2606; x_wconf 88' lang='lat' dir='ltr'>onus</span> <span class='ocrx_word' id='word_1_206' title='bbox 351 2543 500 2604; x_wconf 86' lang='lat' dir='ltr'>debititabit</span> <span class='ocrx_word' id='word_1_207' title='bbox 527 2557 679 2601; x_wconf 70' lang='lat' dir='ltr'>conantem:</span> 
     </span>
     <span class='ocr_line' id='line_1_31' title="bbox 60 2621 658 2704; baseline -0.003 -23"><span class='ocrx_word' id='word_1_208' title='bbox 60 2622 200 2683; x_wconf 77' lang='lat' dir='ltr'>Estdivitis</span> <span class='ocrx_word' id='word_1_209' title='bbox 220 2626 322 2704; x_wconf 86' lang='lat' dir='ltr'>ingenii</span> <span class='ocrx_word' id='word_1_210' title='bbox 335 2625 453 2683; x_wconf 89' lang='lat' dir='ltr'>condere</span> <span class='ocrx_word' id='word_1_211' title='bbox 466 2621 589 2682; x_wconf 88' lang='lat' dir='ltr'>immania</span> <span class='ocrx_word' id='word_1_212' title='bbox 602 2621 658 2679; x_wconf 70' lang='lat' dir='ltr'>adia</span> 
     </span>
     <span class='ocr_line' id='line_1_32' title="bbox 62 2699 595 2783; baseline -0.008 -21"><span class='ocrx_word' id='word_1_213' title='bbox 62 2701 178 2772; x_wconf 73' lang='lat' dir='ltr'>Caesaris,</span> <span class='ocrx_word' id='word_1_214' title='bbox 198 2723 232 2761; x_wconf 90' lang='lat' dir='ltr'>ne</span> <span class='ocrx_word' id='word_1_215' title='bbox 244 2725 308 2783; x_wconf 88' lang='lat' dir='ltr'>opus</span> <span class='ocrx_word' id='word_1_216' title='bbox 326 2702 462 2782; x_wconf 88' lang='lat' dir='ltr'>superetur</span> <span class='ocrx_word' id='word_1_217' title='bbox 476 2699 595 2760; x_wconf 75' lang='lat' dir='ltr'>materiai.</span> 
     </span>
     <span class='ocr_line' id='line_1_33' title="bbox 59 2772 758 2842; baseline -0.014 -2"><span class='ocrx_word' id='word_1_218' title='bbox 59 2784 93 2840; x_wconf 81' lang='lat' dir='ltr'>Et</span> <span class='ocrx_word' id='word_1_219' title='bbox 104 2797 195 2840; x_wconf 87' lang='lat' dir='ltr'>tamen</span> <span class='ocrx_word' id='word_1_220' title='bbox 205 2781 280 2839; x_wconf 87' lang='lat' dir='ltr'>ausus</span> <span class='ocrx_word' id='word_1_221' title='bbox 294 2801 384 2839; x_wconf 84' lang='lat' dir='ltr'>etam:</span> <span class='ocrx_word' id='word_1_222' title='bbox 406 2779 452 2839; x_wconf 89' lang='lat' dir='ltr'>sed</span> <span class='ocrx_word' id='word_1_223' title='bbox 464 2779 576 2838; x_wconf 89' lang='lat' dir='ltr'>videbar</span> <span class='ocrx_word' id='word_1_224' title='bbox 588 2772 758 2842; x_wconf 67' lang='lat' dir='ltr'>detrettate3</span> 
     </span>
     <span class='ocr_line' id='line_1_34' title="bbox 59 2855 645 2938; baseline -0.005 -21"><span class='ocrx_word' id='word_1_225' title='bbox 59 2859 195 2938; x_wconf 78' lang='lat' dir='ltr'>Quodque</span> <span class='ocrx_word' id='word_1_226' title='bbox 213 2859 285 2917; x_wconf 85' lang='lat' dir='ltr'>nefas</span> <span class='ocrx_word' id='word_1_227' title='bbox 298 2855 348 2919; x_wconf 82' lang='lat' dir='ltr'>effe</span> <span class='ocrx_word' id='word_1_228' title='bbox 360 2859 461 2918; x_wconf 86' lang='lat' dir='ltr'>damno</span> <span class='ocrx_word' id='word_1_229' title='bbox 474 2859 524 2915; x_wconf 89' lang='lat' dir='ltr'>tuis</span> <span class='ocrx_word' id='word_1_230' title='bbox 535 2856 645 2916; x_wconf 86' lang='lat' dir='ltr'>vitibus·</span> 
     </span>
     <span class='ocr_line' id='line_1_35' title="bbox 38 2934 746 3015; baseline -0.011 -19"><span class='ocrx_word' id='word_1_231' title='bbox 38 2936 48 2943; x_wconf 75' lang='grc'><em>“</em></span> <span class='ocrx_word' id='word_1_232' title='bbox 59 2937 128 2996; x_wconf 87' lang='lat' dir='ltr'>Veni</span> <span class='ocrx_word' id='word_1_233' title='bbox 149 2936 238 2994; x_wconf 72' lang='lat' dir='ltr'>rursus</span> <span class='ocrx_word' id='word_1_234' title='bbox 251 2938 284 2994; x_wconf 93' lang='lat' dir='ltr'>ad</span> <span class='ocrx_word' id='word_1_235' title='bbox 296 2940 356 2996; x_wconf 89' lang='lat' dir='ltr'>leve</span> <span class='ocrx_word' id='word_1_236' title='bbox 369 2958 446 3015; x_wconf 72' lang='lat' dir='ltr'><strong>opus,</strong></span> <span class='ocrx_word' id='word_1_237' title='bbox 466 2936 595 3015; x_wconf 78' lang='lat' dir='ltr'>juvenilia</span> <span class='ocrx_word' id='word_1_238' title='bbox 614 2934 746 2994; x_wconf 80' lang='lat' dir='ltr'>carmina:</span> 
     </span>
     <span class='ocr_line' id='line_1_36' title="bbox 56 3014 973 3094; baseline -0.009 -19"><span class='ocrx_word' id='word_1_239' title='bbox 56 3016 180 3078; x_wconf 73' lang='lat' dir='ltr'>‘Etmovi</span> <span class='ocrx_word' id='word_1_240' title='bbox 193 3033 278 3071; x_wconf 90' lang='lat' dir='ltr'>meum</span> <span class='ocrx_word' id='word_1_241' title='bbox 290 3018 376 3094; x_wconf 71' lang='lat' dir='ltr'>petius</span> <span class='ocrx_word' id='word_1_242' title='bbox 389 3014 455 3072; x_wconf 74' lang='lat' dir='ltr'>falso</span> <span class='ocrx_word' id='word_1_243' title='bbox 468 3033 569 3073; x_wconf 88' lang='lat' dir='ltr'>amore.</span> <span class='ocrx_word' id='word_1_244' title='bbox 654 3068 655 3071; x_wconf 73' lang='grc'>,</span> <span class='ocrx_word' id='word_1_245' title='bbox 907 3025 973 3083; x_wconf 72' lang='grc'>341.</span> 
     </span>
     <span class='ocr_line' id='line_1_37' title="bbox 58 3083 809 3170; baseline -0.009 -20"><span class='ocrx_word' id='word_1_246' title='bbox 58 3092 190 3170; x_wconf 82' lang='lat' dir='ltr'>Equidem</span> <span class='ocrx_word' id='word_1_247' title='bbox 204 3112 261 3149; x_wconf 90' lang='lat' dir='ltr'>non</span> <span class='ocrx_word' id='word_1_248' title='bbox 270 3094 386 3151; x_wconf 86' lang='lat' dir='ltr'>vellem:</span> <span class='ocrx_word' id='word_1_249' title='bbox 409 3091 453 3150; x_wconf 86' lang='lat' dir='ltr'>sed</span> <span class='ocrx_word' id='word_1_250' title='bbox 462 3112 519 3150; x_wconf 87' lang='lat' dir='ltr'>mea</span> <span class='ocrx_word' id='word_1_251' title='bbox 539 3091 593 3149; x_wconf 80' lang='lat' dir='ltr'>fata</span> <span class='ocrx_word' id='word_1_252' title='bbox 605 3083 745 3146; x_wconf 81' lang='lat' dir='ltr'>trahebant</span> <span class='ocrx_word' id='word_1_253' title='bbox 754 3101 809 3156; x_wconf 83' lang='lat' dir='ltr'>me,</span> 
     </span>
     <span class='ocr_line' id='line_1_38' title="bbox 60 3169 623 3252; baseline 0 -25"><span class='ocrx_word' id='word_1_254' title='bbox 60 3171 130 3252; x_wconf 83' lang='lat' dir='ltr'>Qte</span> <span class='ocrx_word' id='word_1_255' title='bbox 143 3189 213 3229; x_wconf 87' lang='lat' dir='ltr'>etam</span> <span class='ocrx_word' id='word_1_256' title='bbox 228 3169 376 3251; x_wconf 80' lang='lat' dir='ltr'>ingeniosus</span> <span class='ocrx_word' id='word_1_257' title='bbox 389 3171 417 3228; x_wconf 90' lang='lat' dir='ltr'>in</span> <span class='ocrx_word' id='word_1_258' title='bbox 430 3189 500 3228; x_wconf 89' lang='lat' dir='ltr'>meas</span> <span class='ocrx_word' id='word_1_259' title='bbox 522 3187 623 3248; x_wconf 80' lang='lat' dir='ltr'>poenas.</span> 
     </span>
     <span class='ocr_line' id='line_1_39' title="bbox 57 3236 792 3327; baseline -0.007 -21"><span class='ocrx_word' id='word_1_260' title='bbox 57 3247 118 3307; x_wconf 86' lang='lat' dir='ltr'>Heu</span> <span class='ocrx_word' id='word_1_261' title='bbox 129 3248 253 3312; x_wconf 84' lang='lat' dir='ltr'>mihitur</span> <span class='ocrx_word' id='word_1_262' title='bbox 266 3247 365 3310; x_wconf 70' lang='lat' dir='ltr'>didicit</span> <span class='ocrx_word' id='word_1_263' title='bbox 388 3268 435 3306; x_wconf 87' lang='lat' dir='ltr'>cut</span> <span class='ocrx_word' id='word_1_264' title='bbox 452 3265 576 3327; x_wconf 82' lang='lat' dir='ltr'>patentes</span> <span class='ocrx_word' id='word_1_265' title='bbox 589 3236 707 3304; x_wconf 67' lang='lat' dir='ltr'>docuere</span> <span class='ocrx_word' id='word_1_266' title='bbox 718 3236 792 3318; x_wconf 30' lang='lat' dir='ltr'>mex}</span> 
     </span>
     <span class='ocr_line' id='line_1_40' title="bbox 57 3318 671 3465; baseline -0.008 -77"><span class='ocrx_word' id='word_1_267' title='bbox 57 3326 119 3408; x_wconf 46' lang='grc' dir='ltr'>ἢκ</span> <span class='ocrx_word' id='word_1_268' title='bbox 132 3328 187 3411; x_wconf 71' lang='lat' dir='ltr'>uile</span> <span class='ocrx_word' id='word_1_269' title='bbox 210 3328 287 3411; x_wconf 65' lang='lat' dir='ltr'>litera</span> <span class='ocrx_word' id='word_1_270' title='bbox 304 3344 408 3465; x_wconf 65' lang='lat' dir='ltr'>motatca</span> <span class='ocrx_word' id='word_1_271' title='bbox 422 3324 457 3385; x_wconf 87' lang='lat' dir='ltr'>est</span> <span class='ocrx_word' id='word_1_272' title='bbox 469 3344 542 3389; x_wconf 82' lang='lat' dir='ltr'>meos</span> <span class='ocrx_word' id='word_1_273' title='bbox 554 3318 672 3411; x_wconf 67' lang='lat' dir='ltr'>ottthsi</span> 
     </span>
    </p>
   </div>
   <div class='ocr_carea' id='block_1_2' title="bbox 0 0 1058 3712">
    <p class='ocr_par' dir='ltr' id='par_1_2' title="bbox 0 0 1058 3712">
     <span class='ocr_line' id='line_1_41' title="bbox 0 0 1058 3712; baseline 0 4"><span class='ocrx_word' id='word_1_274' title='bbox 0 0 1058 3712; x_wconf 95' lang='lat' dir='ltr'> </span> 
     </span>
    </p>
   </div>
  </div>
 </body>
</html>
